[
  {
    "_id": {
      "$oid": "674b03d139f1f85510c3e001"
    },
    "sellerId": {
      "$oid": "674a03d139f1f85510c3d6ba"
    },
    "sellerInfo": {
      "name": "TM Electronics Hub",
      "slug": "tm-electronics-hub",
      "rating": 4.6,
      "verificationStatus": "verified"
    },
    "title": "iPhone 15 Pro Max 256GB - Titanium Blue",
    "slug": "iphone-15-pro-max-256gb-titanium-blue",
    "description": "Experience the power of the iPhone 15 Pro Max with A17 Pro chip, titanium design, and advanced camera system. Features a stunning 6.7-inch Super Retina XDR display and up to 29 hours of video playback.",
    "shortDescription": "Latest iPhone with titanium design and A17 Pro chip",
    "category": {
      "$oid": "674a03d139f1f85510c3d7ab"
    },
    "categoryPath": [
      {
        "$oid": "674a03d139f1f85510c3d7aa"
      },
      {
        "$oid": "674a03d139f1f85510c3d7ab"
      }
    ],
    "categoryNames": [
      "Electronics",
      "Smartphones"
    ],
    "tags": [
      "smartphone",
      "apple",
      "iphone",
      "5g",
      "premium"
    ],
    "brand": "Apple",
    "manufacturer": "Apple Inc.",
    "model": "iPhone 15 Pro Max",
    "sku": "IPHONE15PM-256-BLUE",
    "pricing": {
      "basePrice": 1199.99,
      "salePrice": 1149.99,
      "currency": "USD",
      "compareAtPrice": 1199.99,
      "taxable": true
    },
    "discount": {
      "isActive": true,
      "type": "fixed_amount",
      "value": 50,
      "startDate": {
        "$date": "2025-12-01T00:00:00.000Z"
      },
      "endDate": {
        "$date": "2025-12-31T23:59:59.000Z"
      }
    },
    "inventory": {
      "stockQuantity": 25,
      "reservedQuantity": 2,
      "availableQuantity": 23,
      "lowStockThreshold": 10,
      "trackInventory": true,
      "allowBackorder": false
    },
    "hasVariants": false,
    "variants": [],
    "images": [
      {
        "url": "https://images.unsplash.com/photo-1695048133142-1a20484d2569",
        "alt": "iPhone 15 Pro Max Titanium Blue",
        "position": 1,
        "isMain": true
      }
    ],
    "primaryImage": "https://images.unsplash.com/photo-1695048133142-1a20484d2569",
    "physical": {
      "weight": 0.221,
      "weightUnit": "kg",
      "dimensions": {
        "length": 16.0,
        "width": 7.7,
        "height": 0.83,
        "unit": "cm"
      }
    },
    "shipping": {
      "requiresShipping": true,
      "isFreeShipping": true,
      "shippingClass": "standard"
    },
    "seo": {
      "metaTitle": "iPhone 15 Pro Max 256GB Titanium Blue",
      "metaDescription": "Buy the latest iPhone 15 Pro Max with 256GB storage in stunning Titanium Blue",
      "keywords": [
        "iphone",
        "apple",
        "smartphone",
        "pro max",
        "titanium"
      ]
    },
    "status": "active",
    "publishedAt": {
      "$date": "2024-09-22T10:00:00.000Z"
    },
    "moderation": {
      "status": "approved",
      "reviewedBy": {
        "$oid": "67473229996f899c73e4f44a"
      },
      "reviewedAt": {
        "$date": "2024-09-22T11:00:00.000Z"
      }
    },
    "features": [
      "A17 Pro chip for blazing-fast performance",
      "Titanium design - lighter and more durable",
      "48MP Main camera with 5x Telephoto",
      "Action button for quick access to features",
      "USB-C connectivity"
    ],
    "condition": "new",
    "warranty": {
      "hasWarranty": true,
      "duration": 12,
      "type": "manufacturer",
      "description": "1 year limited warranty from Apple"
    },
    "analytics": {
      "views": 1250,
      "uniqueViews": 890,
      "clicks": 145,
      "addedToCart": 35,
      "addedToWishlist": 68,
      "purchased": 8,
      "conversionRate": 22.86,
      "averageRating": 4.8,
      "totalReviews": 5,
      "rating5Star": 4,
      "rating4Star": 1,
      "totalSold": 8,
      "totalRevenue": 9199.92
    },
    "isFeatured": true,
    "isBestseller": true,
    "isNewArrival": true,
    "isOnSale": true,
    "productType": "physical",
    "visibility": "public",
    "schemaVersion": 1,
    "createdAt": {
      "$date": "2024-09-22T10:00:00.000Z"
    },
    "updatedAt": {
      "$date": "2025-12-07T08:00:00.000Z"
    }
  },
  {
    "_id": {
      "$oid": "674b03d139f1f85510c3e002"
    },
    "sellerId": {
      "$oid": "674a03d139f1f85510c3d6ba"
    },
    "sellerInfo": {
      "name": "TM Electronics Hub",
      "slug": "tm-electronics-hub",
      "rating": 4.6,
      "verificationStatus": "verified"
    },
    "title": "Samsung Galaxy S24 Ultra 512GB - Phantom Black",
    "slug": "samsung-galaxy-s24-ultra-512gb-phantom-black",
    "description": "The ultimate Samsung flagship with S Pen, 200MP camera, and Snapdragon 8 Gen 3 processor. Features a stunning 6.8-inch Dynamic AMOLED display with 120Hz refresh rate.",
    "shortDescription": "Premium Samsung flagship with 200MP camera and S Pen",
    "category": {
      "$oid": "674a03d139f1f85510c3d7ab"
    },
    "categoryPath": [
      {
        "$oid": "674a03d139f1f85510c3d7aa"
      },
      {
        "$oid": "674a03d139f1f85510c3d7ab"
      }
    ],
    "categoryNames": [
      "Electronics",
      "Smartphones"
    ],
    "tags": [
      "smartphone",
      "samsung",
      "galaxy",
      "5g",
      "s-pen"
    ],
    "brand": "Samsung",
    "manufacturer": "Samsung Electronics",
    "model": "Galaxy S24 Ultra",
    "sku": "SAMS24U-512-BLACK",
    "pricing": {
      "basePrice": 1419.99,
      "currency": "USD",
      "taxable": true
    },
    "inventory": {
      "stockQuantity": 18,
      "reservedQuantity": 1,
      "availableQuantity": 17,
      "lowStockThreshold": 10,
      "trackInventory": true,
      "allowBackorder": false
    },
    "hasVariants": false,
    "images": [
      {
        "url": "https://images.unsplash.com/photo-1610945415295-d9bbf067e59c",
        "alt": "Samsung Galaxy S24 Ultra",
        "position": 1,
        "isMain": true
      }
    ],
    "primaryImage": "https://images.unsplash.com/photo-1610945415295-d9bbf067e59c",
    "physical": {
      "weight": 0.233,
      "weightUnit": "kg",
      "dimensions": {
        "length": 16.2,
        "width": 7.9,
        "height": 0.88,
        "unit": "cm"
      }
    },
    "shipping": {
      "requiresShipping": true,
      "isFreeShipping": true,
      "shippingClass": "standard"
    },
    "status": "active",
    "publishedAt": {
      "$date": "2024-01-24T10:00:00.000Z"
    },
    "moderation": {
      "status": "approved"
    },
    "features": [
      "200MP wide camera with AI processing",
      "Snapdragon 8 Gen 3 for Galaxy",
      "Built-in S Pen for productivity",
      "5000mAh battery with fast charging",
      "Titanium frame for durability"
    ],
    "condition": "new",
    "warranty": {
      "hasWarranty": true,
      "duration": 12,
      "type": "manufacturer"
    },
    "analytics": {
      "views": 980,
      "uniqueViews": 720,
      "addedToCart": 28,
      "purchased": 6,
      "averageRating": 4.7,
      "totalReviews": 4,
      "rating5Star": 3,
      "rating4Star": 1,
      "totalSold": 6,
      "totalRevenue": 8519.94
    },
    "isFeatured": true,
    "isBestseller": true,
    "isNewArrival": false,
    "productType": "physical",
    "visibility": "public",
    "schemaVersion": 1,
    "createdAt": {
      "$date": "2024-01-24T10:00:00.000Z"
    },
    "updatedAt": {
      "$date": "2025-12-07T08:00:00.000Z"
    }
  },
  {
    "_id": {
      "$oid": "674b03d139f1f85510c3e003"
    },
    "sellerId": {
      "$oid": "674a03d139f1f85510c3d6bd"
    },
    "sellerInfo": {
      "name": "Tech Gadgets Central",
      "slug": "tech-gadgets-central",
      "rating": 4.5,
      "verificationStatus": "verified"
    },
    "title": "MacBook Pro 16-inch M3 Max 1TB - Space Black",
    "slug": "macbook-pro-16-m3-max-1tb-space-black",
    "description": "Supercharged by M3 Max chip. The most advanced MacBook Pro ever with breakthrough performance for demanding workflows. Features stunning Liquid Retina XDR display and up to 22 hours of battery life.",
    "shortDescription": "Ultimate MacBook Pro with M3 Max chip and 1TB storage",
    "category": {
      "$oid": "674a03d139f1f85510c3d7ac"
    },
    "categoryPath": [
      {
        "$oid": "674a03d139f1f85510c3d7aa"
      },
      {
        "$oid": "674a03d139f1f85510c3d7ac"
      }
    ],
    "categoryNames": [
      "Electronics",
      "Laptops"
    ],
    "tags": [
      "laptop",
      "apple",
      "macbook",
      "professional",
      "creative"
    ],
    "brand": "Apple",
    "manufacturer": "Apple Inc.",
    "model": "MacBook Pro 16-inch",
    "sku": "MBP16-M3MAX-1TB-BLK",
    "pricing": {
      "basePrice": 3499.99,
      "currency": "USD",
      "taxable": true
    },
    "inventory": {
      "stockQuantity": 8,
      "reservedQuantity": 0,
      "availableQuantity": 8,
      "lowStockThreshold": 5,
      "trackInventory": true,
      "allowBackorder": false
    },
    "images": [
      {
        "url": "https://images.unsplash.com/photo-1517336714731-489689fd1ca8",
        "alt": "MacBook Pro 16-inch",
        "position": 1,
        "isMain": true
      }
    ],
    "primaryImage": "https://images.unsplash.com/photo-1517336714731-489689fd1ca8",
    "physical": {
      "weight": 2.16,
      "weightUnit": "kg",
      "dimensions": {
        "length": 35.57,
        "width": 24.81,
        "height": 1.68,
        "unit": "cm"
      }
    },
    "shipping": {
      "requiresShipping": true,
      "isFreeShipping": true,
      "shippingClass": "standard"
    },
    "status": "active",
    "publishedAt": {
      "$date": "2023-11-07T10:00:00.000Z"
    },
    "moderation": {
      "status": "approved"
    },
    "features": [
      "M3 Max chip with up to 16-core CPU",
      "Up to 40-core GPU for graphics-intensive tasks",
      "16.2-inch Liquid Retina XDR display",
      "1TB SSD storage",
      "Up to 22 hours battery life",
      "Six-speaker sound system"
    ],
    "condition": "new",
    "warranty": {
      "hasWarranty": true,
      "duration": 12,
      "type": "manufacturer"
    },
    "analytics": {
      "views": 650,
      "uniqueViews": 480,
      "addedToCart": 12,
      "purchased": 3,
      "averageRating": 5.0,
      "totalReviews": 3,
      "rating5Star": 3,
      "totalSold": 3,
      "totalRevenue": 10499.97
    },
    "isFeatured": true,
    "isBestseller": false,
    "isNewArrival": false,
    "productType": "physical",
    "visibility": "public",
    "schemaVersion": 1,
    "createdAt": {
      "$date": "2023-11-07T10:00:00.000Z"
    },
    "updatedAt": {
      "$date": "2025-12-07T06:00:00.000Z"
    }
  },
  {
    "_id": {
      "$oid": "674b03d139f1f85510c3e004"
    },
    "sellerId": {
      "$oid": "674a03d139f1f85510c3d6bd"
    },
    "sellerInfo": {
      "name": "Tech Gadgets Central",
      "slug": "tech-gadgets-central",
      "rating": 4.5,
      "verificationStatus": "verified"
    },
    "title": "Dell XPS 15 Intel i9 32GB RAM 1TB SSD",
    "slug": "dell-xps-15-intel-i9-32gb-1tb",
    "description": "Premium Windows laptop with stunning InfinityEdge display. Perfect for creators and professionals who demand the best performance and portability.",
    "shortDescription": "Powerful Windows laptop for professionals",
    "category": {
      "$oid": "674a03d139f1f85510c3d7ac"
    },
    "categoryPath": [
      {
        "$oid": "674a03d139f1f85510c3d7aa"
      },
      {
        "$oid": "674a03d139f1f85510c3d7ac"
      }
    ],
    "categoryNames": [
      "Electronics",
      "Laptops"
    ],
    "tags": [
      "laptop",
      "dell",
      "windows",
      "business",
      "professional"
    ],
    "brand": "Dell",
    "manufacturer": "Dell Technologies",
    "model": "XPS 15 9530",
    "sku": "DELLXPS15-I9-32-1TB",
    "pricing": {
      "basePrice": 2299.99,
      "salePrice": 2149.99,
      "currency": "USD",
      "compareAtPrice": 2299.99,
      "taxable": true
    },
    "discount": {
      "isActive": true,
      "type": "fixed_amount",
      "value": 150,
      "startDate": {
        "$date": "2025-12-01T00:00:00.000Z"
      },
      "endDate": {
        "$date": "2025-12-15T23:59:59.000Z"
      }
    },
    "inventory": {
      "stockQuantity": 12,
      "reservedQuantity": 1,
      "availableQuantity": 11,
      "lowStockThreshold": 5,
      "trackInventory": true
    },
    "images": [
      {
        "url": "https://images.unsplash.com/photo-1593642632823-8f785ba67e45",
        "alt": "Dell XPS 15",
        "position": 1,
        "isMain": true
      }
    ],
    "primaryImage": "https://images.unsplash.com/photo-1593642632823-8f785ba67e45",
    "physical": {
      "weight": 1.86,
      "weightUnit": "kg",
      "dimensions": {
        "length": 34.5,
        "width": 23.0,
        "height": 1.8,
        "unit": "cm"
      }
    },
    "shipping": {
      "requiresShipping": true,
      "isFreeShipping": true,
      "shippingClass": "standard"
    },
    "status": "active",
    "publishedAt": {
      "$date": "2024-03-15T10:00:00.000Z"
    },
    "moderation": {
      "status": "approved"
    },
    "features": [
      "13th Gen Intel Core i9 processor",
      "32GB DDR5 RAM",
      "1TB PCIe NVMe SSD",
      "15.6-inch 3.5K OLED InfinityEdge display",
      "NVIDIA GeForce RTX 4050 graphics"
    ],
    "condition": "new",
    "warranty": {
      "hasWarranty": true,
      "duration": 12,
      "type": "manufacturer"
    },
    "analytics": {
      "views": 420,
      "uniqueViews": 310,
      "addedToCart": 18,
      "purchased": 5,
      "averageRating": 4.6,
      "totalReviews": 5,
      "rating5Star": 3,
      "rating4Star": 2,
      "totalSold": 5,
      "totalRevenue": 10749.95
    },
    "isFeatured": false,
    "isBestseller": true,
    "isOnSale": true,
    "productType": "physical",
    "visibility": "public",
    "schemaVersion": 1,
    "createdAt": {
      "$date": "2024-03-15T10:00:00.000Z"
    },
    "updatedAt": {
      "$date": "2025-12-07T06:00:00.000Z"
    }
  },
  {
    "_id": {
      "$oid": "674b03d139f1f85510c3e005"
    },
    "sellerId": {
      "$oid": "674a03d139f1f85510c3d6ba"
    },
    "sellerInfo": {
      "name": "TM Electronics Hub",
      "slug": "tm-electronics-hub",
      "rating": 4.6,
      "verificationStatus": "verified"
    },
    "title": "Sony WH-1000XM5 Wireless Noise Cancelling Headphones - Black",
    "slug": "sony-wh-1000xm5-wireless-headphones-black",
    "description": "Industry-leading noise cancellation with the WH-1000XM5. Experience premium sound quality with 30-hour battery life and exceptional comfort for all-day wear.",
    "shortDescription": "Premium noise-cancelling headphones with superior sound",
    "category": {
      "$oid": "674a03d139f1f85510c3d7ad"
    },
    "categoryPath": [
      {
        "$oid": "674a03d139f1f85510c3d7aa"
      },
      {
        "$oid": "674a03d139f1f85510c3d7ad"
      }
    ],
    "categoryNames": [
      "Electronics",
      "Accessories"
    ],
    "tags": [
      "headphones",
      "sony",
      "wireless",
      "noise-cancelling",
      "audio"
    ],
    "brand": "Sony",
    "manufacturer": "Sony Corporation",
    "model": "WH-1000XM5",
    "sku": "SONY-WH1000XM5-BLK",
    "pricing": {
      "basePrice": 399.99,
      "salePrice": 348.0,
      "currency": "USD",
      "compareAtPrice": 399.99,
      "taxable": true
    },
    "discount": {
      "isActive": true,
      "type": "percentage",
      "value": 13,
      "startDate": {
        "$date": "2025-11-15T00:00:00.000Z"
      },
      "endDate": {
        "$date": "2025-12-25T23:59:59.000Z"
      }
    },
    "inventory": {
      "stockQuantity": 45,
      "reservedQuantity": 3,
      "availableQuantity": 42,
      "lowStockThreshold": 15,
      "trackInventory": true
    },
    "images": [
      {
        "url": "https://images.unsplash.com/photo-1546435770-a3e426bf472b",
        "alt": "Sony WH-1000XM5 Headphones",
        "position": 1,
        "isMain": true
      }
    ],
    "primaryImage": "https://images.unsplash.com/photo-1546435770-a3e426bf472b",
    "physical": {
      "weight": 0.25,
      "weightUnit": "kg",
      "dimensions": {
        "length": 20.0,
        "width": 18.0,
        "height": 8.0,
        "unit": "cm"
      }
    },
    "shipping": {
      "requiresShipping": true,
      "isFreeShipping": true,
      "shippingClass": "standard"
    },
    "status": "active",
    "publishedAt": {
      "$date": "2023-05-12T10:00:00.000Z"
    },
    "moderation": {
      "status": "approved"
    },
    "features": [
      "Industry-leading noise cancellation",
      "30-hour battery life",
      "Exceptional sound quality with LDAC",
      "Speak-to-Chat technology",
      "Multipoint connection"
    ],
    "condition": "new",
    "warranty": {
      "hasWarranty": true,
      "duration": 12,
      "type": "manufacturer"
    },
    "analytics": {
      "views": 1820,
      "uniqueViews": 1350,
      "addedToCart": 95,
      "purchased": 22,
      "averageRating": 4.7,
      "totalReviews": 18,
      "rating5Star": 12,
      "rating4Star": 5,
      "rating3Star": 1,
      "totalSold": 22,
      "totalRevenue": 7656.0
    },
    "isFeatured": true,
    "isBestseller": true,
    "isOnSale": true,
    "productType": "physical",
    "visibility": "public",
    "schemaVersion": 1,
    "createdAt": {
      "$date": "2023-05-12T10:00:00.000Z"
    },
    "updatedAt": {
      "$date": "2025-12-07T08:00:00.000Z"
    }
  },
  {
    "_id": {
      "$oid": "674b03d139f1f85510c3e006"
    },
    "sellerId": {
      "$oid": "674a03d139f1f85510c3d6bd"
    },
    "sellerInfo": {
      "name": "Tech Gadgets Central",
      "slug": "tech-gadgets-central",
      "rating": 4.5,
      "verificationStatus": "verified"
    },
    "title": "AirPods Pro 2nd Generation with USB-C",
    "slug": "airpods-pro-2nd-gen-usb-c",
    "description": "Active Noise Cancellation, Transparency mode, and Adaptive Audio. Features the H2 chip for smarter noise cancellation and exceptional sound quality.",
    "shortDescription": "Premium wireless earbuds with ANC",
    "category": {
      "$oid": "674a03d139f1f85510c3d7ad"
    },
    "categoryPath": [
      {
        "$oid": "674a03d139f1f85510c3d7aa"
      },
      {
        "$oid": "674a03d139f1f85510c3d7ad"
      }
    ],
    "categoryNames": [
      "Electronics",
      "Accessories"
    ],
    "tags": [
      "earbuds",
      "apple",
      "airpods",
      "wireless",
      "anc"
    ],
    "brand": "Apple",
    "sku": "AIRPODS-PRO2-USBC",
    "pricing": {
      "basePrice": 249.99,
      "currency": "USD",
      "taxable": true
    },
    "inventory": {
      "stockQuantity": 60,
      "reservedQuantity": 4,
      "availableQuantity": 56,
      "trackInventory": true
    },
    "images": [
      {
        "url": "https://images.unsplash.com/photo-1572569511254-d8f925fe2cbb",
        "alt": "AirPods Pro",
        "position": 1,
        "isMain": true
      }
    ],
    "primaryImage": "https://images.unsplash.com/photo-1572569511254-d8f925fe2cbb",
    "physical": {
      "weight": 0.05,
      "weightUnit": "kg",
      "dimensions": {
        "length": 6.0,
        "width": 4.5,
        "height": 2.1,
        "unit": "cm"
      }
    },
    "shipping": {
      "requiresShipping": true,
      "isFreeShipping": false,
      "shippingClass": "standard"
    },
    "status": "active",
    "publishedAt": {
      "$date": "2023-09-22T10:00:00.000Z"
    },
    "moderation": {
      "status": "approved"
    },
    "condition": "new",
    "warranty": {
      "hasWarranty": true,
      "duration": 12,
      "type": "manufacturer"
    },
    "analytics": {
      "views": 2100,
      "addedToCart": 88,
      "purchased": 35,
      "averageRating": 4.8,
      "totalReviews": 28,
      "rating5Star": 22,
      "rating4Star": 6,
      "totalSold": 35,
      "totalRevenue": 8749.65
    },
    "isFeatured": true,
    "isBestseller": true,
    "productType": "physical",
    "visibility": "public",
    "schemaVersion": 1,
    "createdAt": {
      "$date": "2023-09-22T10:00:00.000Z"
    },
    "updatedAt": {
      "$date": "2025-12-07T06:00:00.000Z"
    }
  },
  {
    "_id": {
      "$oid": "674b03d139f1f85510c3e007"
    },
    "sellerId": {
      "$oid": "674a03d139f1f85510c3d6ba"
    },
    "sellerInfo": {
      "name": "TM Electronics Hub",
      "slug": "tm-electronics-hub",
      "rating": 4.6,
      "verificationStatus": "verified"
    },
    "title": "iPad Air 11-inch M2 Wi-Fi 256GB - Starlight",
    "slug": "ipad-air-11-m2-256gb-starlight",
    "description": "Powerful iPad Air with M2 chip, stunning Liquid Retina display, and all-day battery life. Perfect for creativity and productivity on the go.",
    "shortDescription": "Versatile iPad with M2 chip and 11-inch display",
    "category": {
      "$oid": "674a03d139f1f85510c3d7aa"
    },
    "categoryPath": [
      {
        "$oid": "674a03d139f1f85510c3d7aa"
      }
    ],
    "categoryNames": [
      "Electronics"
    ],
    "tags": [
      "tablet",
      "apple",
      "ipad",
      "m2chip",
      "productivity"
    ],
    "brand": "Apple",
    "sku": "IPADAIR11-M2-256-SL",
    "pricing": {
      "basePrice": 749.99,
      "salePrice": 699.99,
      "currency": "USD",
      "taxable": true
    },
    "discount": {
      "isActive": true,
      "type": "fixed_amount",
      "value": 50,
      "startDate": {
        "$date": "2025-12-01T00:00:00.000Z"
      },
      "endDate": {
        "$date": "2025-12-20T23:59:59.000Z"
      }
    },
    "inventory": {
      "stockQuantity": 22,
      "availableQuantity": 22,
      "trackInventory": true
    },
    "images": [
      {
        "url": "https://images.unsplash.com/photo-1544244015-0df4b3ffc6b0",
        "alt": "iPad Air",
        "position": 1,
        "isMain": true
      }
    ],
    "primaryImage": "https://images.unsplash.com/photo-1544244015-0df4b3ffc6b0",
    "physical": {
      "weight": 0.46,
      "weightUnit": "kg",
      "dimensions": {
        "length": 24.76,
        "width": 17.85,
        "height": 0.61,
        "unit": "cm"
      }
    },
    "shipping": {
      "requiresShipping": true,
      "isFreeShipping": true,
      "shippingClass": "standard"
    },
    "status": "active",
    "publishedAt": {
      "$date": "2024-05-07T10:00:00.000Z"
    },
    "moderation": {
      "status": "approved"
    },
    "condition": "new",
    "warranty": {
      "hasWarranty": true,
      "duration": 12,
      "type": "manufacturer"
    },
    "analytics": {
      "views": 890,
      "addedToCart": 32,
      "purchased": 11,
      "averageRating": 4.7,
      "totalReviews": 9,
      "rating5Star": 6,
      "rating4Star": 3,
      "totalSold": 11,
      "totalRevenue": 7699.89
    },
    "isFeatured": false,
    "isBestseller": false,
    "isOnSale": true,
    "productType": "physical",
    "visibility": "public",
    "schemaVersion": 1,
    "createdAt": {
      "$date": "2024-05-07T10:00:00.000Z"
    },
    "updatedAt": {
      "$date": "2025-12-07T08:00:00.000Z"
    }
  },
  {
    "_id": {
      "$oid": "674b03d139f1f85510c3e008"
    },
    "sellerId": {
      "$oid": "674a03d139f1f85510c3d6bd"
    },
    "sellerInfo": {
      "name": "Tech Gadgets Central",
      "slug": "tech-gadgets-central",
      "rating": 4.5,
      "verificationStatus": "verified"
    },
    "title": "Samsung 49\" Odyssey G9 Gaming Monitor - Curved QLED",
    "slug": "samsung-49-odyssey-g9-gaming-monitor",
    "description": "Immersive 49-inch curved gaming monitor with 240Hz refresh rate, 1ms response time, and stunning QLED display. NVIDIA G-SYNC and AMD FreeSync Premium Pro compatible.",
    "shortDescription": "Ultra-wide curved gaming monitor with 240Hz",
    "category": {
      "$oid": "674a03d139f1f85510c3d7ad"
    },
    "categoryPath": [
      {
        "$oid": "674a03d139f1f85510c3d7aa"
      },
      {
        "$oid": "674a03d139f1f85510c3d7ad"
      }
    ],
    "categoryNames": [
      "Electronics",
      "Accessories"
    ],
    "tags": [
      "monitor",
      "gaming",
      "samsung",
      "curved",
      "ultrawide"
    ],
    "brand": "Samsung",
    "sku": "SAM-G9-49-CURVE",
    "pricing": {
      "basePrice": 1499.99,
      "currency": "USD",
      "taxable": true
    },
    "inventory": {
      "stockQuantity": 5,
      "availableQuantity": 5,
      "lowStockThreshold": 3,
      "trackInventory": true
    },
    "images": [
      {
        "url": "https://images.unsplash.com/photo-1527443224154-c4a3942d3acf",
        "alt": "Gaming Monitor",
        "position": 1,
        "isMain": true
      }
    ],
    "primaryImage": "https://images.unsplash.com/photo-1527443224154-c4a3942d3acf",
    "physical": {
      "weight": 14.6,
      "weightUnit": "kg",
      "dimensions": {
        "length": 114.0,
        "width": 35.0,
        "height": 55.0,
        "unit": "cm"
      }
    },
    "shipping": {
      "requiresShipping": true,
      "isFreeShipping": true,
      "shippingClass": "standard"
    },
    "status": "active",
    "publishedAt": {
      "$date": "2024-02-10T10:00:00.000Z"
    },
    "moderation": {
      "status": "approved"
    },
    "condition": "new",
    "warranty": {
      "hasWarranty": true,
      "duration": 36,
      "type": "manufacturer"
    },
    "analytics": {
      "views": 520,
      "addedToCart": 15,
      "purchased": 4,
      "averageRating": 4.9,
      "totalReviews": 4,
      "rating5Star": 4,
      "totalSold": 4,
      "totalRevenue": 5999.96
    },
    "isFeatured": true,
    "productType": "physical",
    "visibility": "public",
    "schemaVersion": 1,
    "createdAt": {
      "$date": "2024-02-10T10:00:00.000Z"
    },
    "updatedAt": {
      "$date": "2025-12-07T06:00:00.000Z"
    }
  },
  {
    "_id": {
      "$oid": "674b03d139f1f85510c3e009"
    },
    "sellerId": {
      "$oid": "674a03d139f1f85510c3d6ba"
    },
    "sellerInfo": {
      "name": "TM Electronics Hub",
      "slug": "tm-electronics-hub",
      "rating": 4.6,
      "verificationStatus": "verified"
    },
    "title": "Logitech MX Master 3S Wireless Mouse - Graphite",
    "slug": "logitech-mx-master-3s-wireless-mouse",
    "description": "Premium wireless mouse with ultra-fast scrolling, customizable buttons, and works on any surface. Features quiet clicks and up to 70 days of battery life.",
    "shortDescription": "Professional wireless mouse with precision tracking",
    "category": {
      "$oid": "674a03d139f1f85510c3d7ad"
    },
    "categoryPath": [
      {
        "$oid": "674a03d139f1f85510c3d7aa"
      },
      {
        "$oid": "674a03d139f1f85510c3d7ad"
      }
    ],
    "categoryNames": [
      "Electronics",
      "Accessories"
    ],
    "tags": [
      "mouse",
      "wireless",
      "logitech",
      "productivity",
      "ergonomic"
    ],
    "brand": "Logitech",
    "sku": "LOG-MXM3S-GRAPH",
    "pricing": {
      "basePrice": 99.99,
      "salePrice": 79.99,
      "currency": "USD",
      "taxable": true
    },
    "discount": {
      "isActive": true,
      "type": "percentage",
      "value": 20,
      "startDate": {
        "$date": "2025-11-25T00:00:00.000Z"
      },
      "endDate": {
        "$date": "2025-12-31T23:59:59.000Z"
      }
    },
    "inventory": {
      "stockQuantity": 75,
      "availableQuantity": 75,
      "trackInventory": true
    },
    "images": [
      {
        "url": "https://images.unsplash.com/photo-1527814050087-3793815479db",
        "alt": "Logitech Mouse",
        "position": 1,
        "isMain": true
      }
    ],
    "primaryImage": "https://images.unsplash.com/photo-1527814050087-3793815479db",
    "physical": {
      "weight": 0.14,
      "weightUnit": "kg",
      "dimensions": {
        "length": 12.4,
        "width": 8.4,
        "height": 5.1,
        "unit": "cm"
      }
    },
    "shipping": {
      "requiresShipping": true,
      "isFreeShipping": false,
      "shippingClass": "standard"
    },
    "status": "active",
    "publishedAt": {
      "$date": "2023-06-15T10:00:00.000Z"
    },
    "moderation": {
      "status": "approved"
    },
    "condition": "new",
    "warranty": {
      "hasWarranty": true,
      "duration": 12,
      "type": "manufacturer"
    },
    "analytics": {
      "views": 1450,
      "addedToCart": 68,
      "purchased": 28,
      "averageRating": 4.8,
      "totalReviews": 24,
      "rating5Star": 20,
      "rating4Star": 4,
      "totalSold": 28,
      "totalRevenue": 2239.72
    },
    "isFeatured": false,
    "isBestseller": true,
    "isOnSale": true,
    "productType": "physical",
    "visibility": "public",
    "schemaVersion": 1,
    "createdAt": {
      "$date": "2023-06-15T10:00:00.000Z"
    },
    "updatedAt": {
      "$date": "2025-12-07T08:00:00.000Z"
    }
  },
  {
    "_id": {
      "$oid": "674b03d139f1f85510c3e010"
    },
    "sellerId": {
      "$oid": "674a03d139f1f85510c3d6bd"
    },
    "sellerInfo": {
      "name": "Tech Gadgets Central",
      "slug": "tech-gadgets-central",
      "rating": 4.5,
      "verificationStatus": "verified"
    },
    "title": "Anker 737 Power Bank 24,000mAh 140W",
    "slug": "anker-737-power-bank-24000mah",
    "description": "High-capacity power bank with 140W fast charging. Can charge MacBook Pro, iPad, iPhone, and more. Features smart display showing power output and battery level.",
    "shortDescription": "Ultra-fast portable charger with 140W output",
    "category": {
      "$oid": "674a03d139f1f85510c3d7ad"
    },
    "categoryPath": [
      {
        "$oid": "674a03d139f1f85510c3d7aa"
      },
      {
        "$oid": "674a03d139f1f85510c3d7ad"
      }
    ],
    "categoryNames": [
      "Electronics",
      "Accessories"
    ],
    "tags": [
      "powerbank",
      "charger",
      "anker",
      "portable",
      "fast-charging"
    ],
    "brand": "Anker",
    "sku": "ANK-737-24K-140W",
    "pricing": {
      "basePrice": 149.99,
      "currency": "USD",
      "taxable": true
    },
    "inventory": {
      "stockQuantity": 35,
      "availableQuantity": 35,
      "trackInventory": true
    },
    "images": [
      {
        "url": "https://images.unsplash.com/photo-1609091839311-d5365f9ff1c5",
        "alt": "Anker Power Bank",
        "position": 1,
        "isMain": true
      }
    ],
    "primaryImage": "https://images.unsplash.com/photo-1609091839311-d5365f9ff1c5",
    "physical": {
      "weight": 0.63,
      "weightUnit": "kg",
      "dimensions": {
        "length": 15.5,
        "width": 5.5,
        "height": 5.0,
        "unit": "cm"
      }
    },
    "shipping": {
      "requiresShipping": true,
      "isFreeShipping": false,
      "shippingClass": "standard"
    },
    "status": "active",
    "publishedAt": {
      "$date": "2024-01-20T10:00:00.000Z"
    },
    "moderation": {
      "status": "approved"
    },
    "condition": "new",
    "warranty": {
      "hasWarranty": true,
      "duration": 18,
      "type": "manufacturer"
    },
    "analytics": {
      "views": 980,
      "addedToCart": 42,
      "purchased": 19,
      "averageRating": 4.6,
      "totalReviews": 15,
      "rating5Star": 10,
      "rating4Star": 5,
      "totalSold": 19,
      "totalRevenue": 2849.81
    },
    "isFeatured": false,
    "isBestseller": false,
    "productType": "physical",
    "visibility": "public",
    "schemaVersion": 1,
    "createdAt": {
      "$date": "2024-01-20T10:00:00.000Z"
    },
    "updatedAt": {
      "$date": "2025-12-07T06:00:00.000Z"
    }
  },
  {
    "_id": {
      "$oid": "eb8984316c5e2bd60768cf34"
    },
    "sellerId": {
      "$oid": "674a03d139f1f85510c3d6ba"
    },
    "sellerInfo": {
      "name": "TM Electronics Hub",
      "slug": "tm-electronics-hub",
      "rating": 4.6,
      "verificationStatus": "verified"
    },
    "title": "Google Pixel 8 Pro 256GB - Obsidian",
    "slug": "google-pixel-8-pro-256gb---obsidian",
    "description": "High-quality Google Pixel 8 Pro 256GB - Obsidian from Google. Premium product with excellent features and performance.",
    "shortDescription": "Google Google Pixel 8 Pro 256GB - Obs",
    "category": {
      "$oid": "674a03d139f1f85510c3d7ab"
    },
    "categoryPath": [
      {
        "$oid": "674a03d139f1f85510c3d7aa"
      },
      {
        "$oid": "674a03d139f1f85510c3d7ab"
      }
    ],
    "categoryNames": [
      "Electronics"
    ],
    "tags": [
      "google",
      "smartphones"
    ],
    "brand": "Google",
    "manufacturer": "Google",
    "sku": "GOOGLE-PIXEL-8-PRO-2-11",
    "pricing": {
      "basePrice": 999.99,
      "currency": "USD",
      "taxable": true
    },
    "inventory": {
      "stockQuantity": 99,
      "reservedQuantity": 0,
      "availableQuantity": 99,
      "lowStockThreshold": 10,
      "trackInventory": true
    },
    "hasVariants": false,
    "images": [
      {
        "url": "https://images.unsplash.com/photo-1583858312264",
        "alt": "Google Pixel 8 Pro 256GB - Obsidian",
        "position": 1,
        "isMain": true
      }
    ],
    "primaryImage": "https://images.unsplash.com/photo-1672447427493",
    "physical": {
      "weight": 2.37,
      "weightUnit": "kg",
      "dimensions": {
        "length": 46.8,
        "width": 36.2,
        "height": 14.0,
        "unit": "cm"
      }
    },
    "shipping": {
      "requiresShipping": true,
      "isFreeShipping": true,
      "shippingClass": "standard"
    },
    "status": "active",
    "publishedAt": {
      "$date": "2025-02-12T11:47:03.350077"
    },
    "moderation": {
      "status": "approved"
    },
    "condition": "new",
    "warranty": {
      "hasWarranty": true,
      "duration": 12,
      "type": "manufacturer"
    },
    "analytics": {
      "views": 1898,
      "uniqueViews": 1328,
      "addedToCart": 25,
      "purchased": 17,
      "averageRating": 4.6,
      "totalReviews": 18,
      "rating5Star": 10,
      "rating4Star": 5,
      "rating3Star": 1,
      "totalSold": 17,
      "totalRevenue": 16999.83
    },
    "isFeatured": true,
    "isBestseller": false,
    "isOnSale": false,
    "productType": "physical",
    "visibility": "public",
    "schemaVersion": 1,
    "createdAt": {
      "$date": "2025-02-12T11:47:03.350077"
    },
    "updatedAt": {
      "$date": "2025-12-07T11:47:03.351081"
    }
  },
  {
    "_id": {
      "$oid": "7b31f8f1ca6d63a534c8db4f"
    },
    "sellerId": {
      "$oid": "674a03d139f1f85510c3d6bd"
    },
    "sellerInfo": {
      "name": "Tech Gadgets Central",
      "slug": "tech-gadgets-central",
      "rating": 4.5,
      "verificationStatus": "verified"
    },
    "title": "OnePlus 12 512GB - Marble Green",
    "slug": "oneplus-12-512gb---marble-green",
    "description": "High-quality OnePlus 12 512GB - Marble Green from OnePlus. Premium product with excellent features and performance.",
    "shortDescription": "OnePlus OnePlus 12 512GB - Marble Gree",
    "category": {
      "$oid": "674a03d139f1f85510c3d7ab"
    },
    "categoryPath": [
      {
        "$oid": "674a03d139f1f85510c3d7aa"
      },
      {
        "$oid": "674a03d139f1f85510c3d7ab"
      }
    ],
    "categoryNames": [
      "Electronics"
    ],
    "tags": [
      "oneplus",
      "smartphones"
    ],
    "brand": "OnePlus",
    "manufacturer": "OnePlus",
    "sku": "ONEPLUS-12-512GB---M-12",
    "pricing": {
      "basePrice": 899.99,
      "salePrice": 764.99,
      "currency": "USD",
      "taxable": true
    },
    "inventory": {
      "stockQuantity": 21,
      "reservedQuantity": 2,
      "availableQuantity": 20,
      "lowStockThreshold": 10,
      "trackInventory": true
    },
    "hasVariants": false,
    "images": [
      {
        "url": "https://images.unsplash.com/photo-1524598321056",
        "alt": "OnePlus 12 512GB - Marble Green",
        "position": 1,
        "isMain": true
      }
    ],
    "primaryImage": "https://images.unsplash.com/photo-1542319596377",
    "physical": {
      "weight": 4.29,
      "weightUnit": "kg",
      "dimensions": {
        "length": 32.6,
        "width": 29.6,
        "height": 9.2,
        "unit": "cm"
      }
    },
    "shipping": {
      "requiresShipping": true,
      "isFreeShipping": true,
      "shippingClass": "standard"
    },
    "status": "active",
    "publishedAt": {
      "$date": "2025-10-10T11:47:03.351081"
    },
    "moderation": {
      "status": "approved"
    },
    "condition": "new",
    "warranty": {
      "hasWarranty": true,
      "duration": 12,
      "type": "manufacturer"
    },
    "analytics": {
      "views": 1638,
      "uniqueViews": 1146,
      "addedToCart": 13,
      "purchased": 9,
      "averageRating": 4.4,
      "totalReviews": 4,
      "rating5Star": 2,
      "rating4Star": 1,
      "rating3Star": 0,
      "totalSold": 9,
      "totalRevenue": 6884.91
    },
    "isFeatured": true,
    "isBestseller": false,
    "isOnSale": true,
    "productType": "physical",
    "visibility": "public",
    "schemaVersion": 1,
    "createdAt": {
      "$date": "2025-10-10T11:47:03.351081"
    },
    "updatedAt": {
      "$date": "2025-12-07T11:47:03.351081"
    },
    "discount": {
      "isActive": true,
      "type": "percentage",
      "value": 15,
      "startDate": {
        "$date": "2025-11-01T00:00:00.000Z"
      },
      "endDate": {
        "$date": "2025-12-31T23:59:59.000Z"
      }
    }
  },
  {
    "_id": {
      "$oid": "c47ecbe5113009ec9c3fbc3a"
    },
    "sellerId": {
      "$oid": "674a03d139f1f85510c3d6ba"
    },
    "sellerInfo": {
      "name": "TM Electronics Hub",
      "slug": "tm-electronics-hub",
      "rating": 4.6,
      "verificationStatus": "verified"
    },
    "title": "Xiaomi 14 Ultra 512GB - Black",
    "slug": "xiaomi-14-ultra-512gb---black",
    "description": "High-quality Xiaomi 14 Ultra 512GB - Black from Xiaomi. Premium product with excellent features and performance.",
    "shortDescription": "Xiaomi Xiaomi 14 Ultra 512GB - Black",
    "category": {
      "$oid": "674a03d139f1f85510c3d7ab"
    },
    "categoryPath": [
      {
        "$oid": "674a03d139f1f85510c3d7aa"
      },
      {
        "$oid": "674a03d139f1f85510c3d7ab"
      }
    ],
    "categoryNames": [
      "Electronics"
    ],
    "tags": [
      "xiaomi",
      "smartphones"
    ],
    "brand": "Xiaomi",
    "manufacturer": "Xiaomi",
    "sku": "XIAOMI-14-ULTRA-512G-13",
    "pricing": {
      "basePrice": 1199.99,
      "currency": "USD",
      "taxable": true
    },
    "inventory": {
      "stockQuantity": 23,
      "reservedQuantity": 2,
      "availableQuantity": 21,
      "lowStockThreshold": 10,
      "trackInventory": true
    },
    "hasVariants": false,
    "images": [
      {
        "url": "https://images.unsplash.com/photo-1609889035171",
        "alt": "Xiaomi 14 Ultra 512GB - Black",
        "position": 1,
        "isMain": true
      }
    ],
    "primaryImage": "https://images.unsplash.com/photo-1584309761018",
    "physical": {
      "weight": 0.63,
      "weightUnit": "kg",
      "dimensions": {
        "length": 38.1,
        "width": 37.8,
        "height": 6.9,
        "unit": "cm"
      }
    },
    "shipping": {
      "requiresShipping": true,
      "isFreeShipping": true,
      "shippingClass": "standard"
    },
    "status": "active",
    "publishedAt": {
      "$date": "2025-08-24T11:47:03.351081"
    },
    "moderation": {
      "status": "approved"
    },
    "condition": "new",
    "warranty": {
      "hasWarranty": true,
      "duration": 12,
      "type": "manufacturer"
    },
    "analytics": {
      "views": 1196,
      "uniqueViews": 837,
      "addedToCart": 13,
      "purchased": 9,
      "averageRating": 4.5,
      "totalReviews": 29,
      "rating5Star": 17,
      "rating4Star": 8,
      "rating3Star": 2,
      "totalSold": 9,
      "totalRevenue": 10799.91
    },
    "isFeatured": true,
    "isBestseller": false,
    "isOnSale": false,
    "productType": "physical",
    "visibility": "public",
    "schemaVersion": 1,
    "createdAt": {
      "$date": "2025-08-24T11:47:03.351081"
    },
    "updatedAt": {
      "$date": "2025-12-07T11:47:03.351081"
    }
  },
  {
    "_id": {
      "$oid": "0c5cff8af3ffa1d81c4b991c"
    },
    "sellerId": {
      "$oid": "674a03d139f1f85510c3d6bd"
    },
    "sellerInfo": {
      "name": "Tech Gadgets Central",
      "slug": "tech-gadgets-central",
      "rating": 4.5,
      "verificationStatus": "verified"
    },
    "title": "ASUS ROG Zephyrus G16 Gaming Laptop",
    "slug": "asus-rog-zephyrus-g16-gaming-laptop",
    "description": "High-quality ASUS ROG Zephyrus G16 Gaming Laptop from ASUS. Premium product with excellent features and performance.",
    "shortDescription": "ASUS ASUS ROG Zephyrus G16 Gaming L",
    "category": {
      "$oid": "674a03d139f1f85510c3d7ac"
    },
    "categoryPath": [
      {
        "$oid": "674a03d139f1f85510c3d7aa"
      },
      {
        "$oid": "674a03d139f1f85510c3d7ac"
      }
    ],
    "categoryNames": [
      "Electronics"
    ],
    "tags": [
      "asus",
      "laptops"
    ],
    "brand": "ASUS",
    "manufacturer": "ASUS",
    "sku": "ASUS-ROG-ZEPHYRUS-G1-14",
    "pricing": {
      "basePrice": 2499.99,
      "currency": "USD",
      "taxable": true
    },
    "inventory": {
      "stockQuantity": 60,
      "reservedQuantity": 0,
      "availableQuantity": 58,
      "lowStockThreshold": 10,
      "trackInventory": true
    },
    "hasVariants": false,
    "images": [
      {
        "url": "https://images.unsplash.com/photo-1648570634898",
        "alt": "ASUS ROG Zephyrus G16 Gaming Laptop",
        "position": 1,
        "isMain": true
      }
    ],
    "primaryImage": "https://images.unsplash.com/photo-1629952972629",
    "physical": {
      "weight": 3.92,
      "weightUnit": "kg",
      "dimensions": {
        "length": 38.7,
        "width": 30.4,
        "height": 8.4,
        "unit": "cm"
      }
    },
    "shipping": {
      "requiresShipping": true,
      "isFreeShipping": true,
      "shippingClass": "standard"
    },
    "status": "active",
    "publishedAt": {
      "$date": "2025-06-07T11:47:03.351081"
    },
    "moderation": {
      "status": "approved"
    },
    "condition": "new",
    "warranty": {
      "hasWarranty": true,
      "duration": 12,
      "type": "manufacturer"
    },
    "analytics": {
      "views": 1382,
      "uniqueViews": 967,
      "addedToCart": 10,
      "purchased": 7,
      "averageRating": 5.0,
      "totalReviews": 19,
      "rating5Star": 11,
      "rating4Star": 5,
      "rating3Star": 1,
      "totalSold": 7,
      "totalRevenue": 17499.93
    },
    "isFeatured": false,
    "isBestseller": false,
    "isOnSale": false,
    "productType": "physical",
    "visibility": "public",
    "schemaVersion": 1,
    "createdAt": {
      "$date": "2025-06-07T11:47:03.351081"
    },
    "updatedAt": {
      "$date": "2025-12-07T11:47:03.351081"
    }
  },
  {
    "_id": {
      "$oid": "09638d9cf1e5ce2449ce87b0"
    },
    "sellerId": {
      "$oid": "674a03d139f1f85510c3d6ba"
    },
    "sellerInfo": {
      "name": "TM Electronics Hub",
      "slug": "tm-electronics-hub",
      "rating": 4.6,
      "verificationStatus": "verified"
    },
    "title": "Lenovo ThinkPad X1 Carbon Gen 11",
    "slug": "lenovo-thinkpad-x1-carbon-gen-11",
    "description": "High-quality Lenovo ThinkPad X1 Carbon Gen 11 from Lenovo. Premium product with excellent features and performance.",
    "shortDescription": "Lenovo Lenovo ThinkPad X1 Carbon Gen ",
    "category": {
      "$oid": "674a03d139f1f85510c3d7ac"
    },
    "categoryPath": [
      {
        "$oid": "674a03d139f1f85510c3d7aa"
      },
      {
        "$oid": "674a03d139f1f85510c3d7ac"
      }
    ],
    "categoryNames": [
      "Electronics"
    ],
    "tags": [
      "lenovo",
      "laptops"
    ],
    "brand": "Lenovo",
    "manufacturer": "Lenovo",
    "sku": "LENOVO-THINKPAD-X1-C-15",
    "pricing": {
      "basePrice": 1899.99,
      "currency": "USD",
      "taxable": true
    },
    "inventory": {
      "stockQuantity": 48,
      "reservedQuantity": 2,
      "availableQuantity": 47,
      "lowStockThreshold": 10,
      "trackInventory": true
    },
    "hasVariants": false,
    "images": [
      {
        "url": "https://images.unsplash.com/photo-1639966039000",
        "alt": "Lenovo ThinkPad X1 Carbon Gen 11",
        "position": 1,
        "isMain": true
      }
    ],
    "primaryImage": "https://images.unsplash.com/photo-1614572733905",
    "physical": {
      "weight": 0.19,
      "weightUnit": "kg",
      "dimensions": {
        "length": 23.9,
        "width": 39.8,
        "height": 11.1,
        "unit": "cm"
      }
    },
    "shipping": {
      "requiresShipping": true,
      "isFreeShipping": true,
      "shippingClass": "standard"
    },
    "status": "active",
    "publishedAt": {
      "$date": "2025-05-31T11:47:03.351081"
    },
    "moderation": {
      "status": "approved"
    },
    "condition": "new",
    "warranty": {
      "hasWarranty": true,
      "duration": 12,
      "type": "manufacturer"
    },
    "analytics": {
      "views": 1641,
      "uniqueViews": 1148,
      "addedToCart": 69,
      "purchased": 46,
      "averageRating": 4.5,
      "totalReviews": 9,
      "rating5Star": 5,
      "rating4Star": 2,
      "rating3Star": 0,
      "totalSold": 46,
      "totalRevenue": 87399.54
    },
    "isFeatured": true,
    "isBestseller": true,
    "isOnSale": false,
    "productType": "physical",
    "visibility": "public",
    "schemaVersion": 1,
    "createdAt": {
      "$date": "2025-05-31T11:47:03.351081"
    },
    "updatedAt": {
      "$date": "2025-12-07T11:47:03.351081"
    }
  },
  {
    "_id": {
      "$oid": "bf68d7e077b0be83fa7754fd"
    },
    "sellerId": {
      "$oid": "674a03d139f1f85510c3d6bd"
    },
    "sellerInfo": {
      "name": "Tech Gadgets Central",
      "slug": "tech-gadgets-central",
      "rating": 4.5,
      "verificationStatus": "verified"
    },
    "title": "HP Spectre x360 14-inch 2-in-1",
    "slug": "hp-spectre-x360-14-inch-2-in-1",
    "description": "High-quality HP Spectre x360 14-inch 2-in-1 from HP. Premium product with excellent features and performance.",
    "shortDescription": "HP HP Spectre x360 14-inch 2-in-1",
    "category": {
      "$oid": "674a03d139f1f85510c3d7ac"
    },
    "categoryPath": [
      {
        "$oid": "674a03d139f1f85510c3d7aa"
      },
      {
        "$oid": "674a03d139f1f85510c3d7ac"
      }
    ],
    "categoryNames": [
      "Electronics"
    ],
    "tags": [
      "hp",
      "laptops"
    ],
    "brand": "HP",
    "manufacturer": "HP",
    "sku": "HP-SPECTRE-X360-14-I-16",
    "pricing": {
      "basePrice": 1599.99,
      "salePrice": 1359.99,
      "currency": "USD",
      "taxable": true
    },
    "inventory": {
      "stockQuantity": 96,
      "reservedQuantity": 2,
      "availableQuantity": 93,
      "lowStockThreshold": 10,
      "trackInventory": true
    },
    "hasVariants": false,
    "images": [
      {
        "url": "https://images.unsplash.com/photo-1562978947048",
        "alt": "HP Spectre x360 14-inch 2-in-1",
        "position": 1,
        "isMain": true
      }
    ],
    "primaryImage": "https://images.unsplash.com/photo-1613820082560",
    "physical": {
      "weight": 5.0,
      "weightUnit": "kg",
      "dimensions": {
        "length": 39.5,
        "width": 34.2,
        "height": 7.1,
        "unit": "cm"
      }
    },
    "shipping": {
      "requiresShipping": true,
      "isFreeShipping": true,
      "shippingClass": "standard"
    },
    "status": "active",
    "publishedAt": {
      "$date": "2025-10-22T11:47:03.351081"
    },
    "moderation": {
      "status": "approved"
    },
    "condition": "new",
    "warranty": {
      "hasWarranty": true,
      "duration": 12,
      "type": "manufacturer"
    },
    "analytics": {
      "views": 1254,
      "uniqueViews": 877,
      "addedToCart": 46,
      "purchased": 31,
      "averageRating": 4.5,
      "totalReviews": 18,
      "rating5Star": 10,
      "rating4Star": 5,
      "rating3Star": 1,
      "totalSold": 31,
      "totalRevenue": 42159.69
    },
    "isFeatured": true,
    "isBestseller": true,
    "isOnSale": true,
    "productType": "physical",
    "visibility": "public",
    "schemaVersion": 1,
    "createdAt": {
      "$date": "2025-10-22T11:47:03.351081"
    },
    "updatedAt": {
      "$date": "2025-12-07T11:47:03.351081"
    },
    "discount": {
      "isActive": true,
      "type": "percentage",
      "value": 15,
      "startDate": {
        "$date": "2025-11-01T00:00:00.000Z"
      },
      "endDate": {
        "$date": "2025-12-31T23:59:59.000Z"
      }
    }
  },
  {
    "_id": {
      "$oid": "22d59b9a5ba906903ee81f4f"
    },
    "sellerId": {
      "$oid": "674a03d139f1f85510c3d6ba"
    },
    "sellerInfo": {
      "name": "TM Electronics Hub",
      "slug": "tm-electronics-hub",
      "rating": 4.6,
      "verificationStatus": "verified"
    },
    "title": "Microsoft Surface Laptop 5",
    "slug": "microsoft-surface-laptop-5",
    "description": "High-quality Microsoft Surface Laptop 5 from Microsoft. Premium product with excellent features and performance.",
    "shortDescription": "Microsoft Microsoft Surface Laptop 5",
    "category": {
      "$oid": "674a03d139f1f85510c3d7ac"
    },
    "categoryPath": [
      {
        "$oid": "674a03d139f1f85510c3d7aa"
      },
      {
        "$oid": "674a03d139f1f85510c3d7ac"
      }
    ],
    "categoryNames": [
      "Electronics"
    ],
    "tags": [
      "microsoft",
      "laptops"
    ],
    "brand": "Microsoft",
    "manufacturer": "Microsoft",
    "sku": "MICROSOFT-SURFACE-LA-17",
    "pricing": {
      "basePrice": 1299.99,
      "currency": "USD",
      "taxable": true
    },
    "inventory": {
      "stockQuantity": 36,
      "reservedQuantity": 2,
      "availableQuantity": 36,
      "lowStockThreshold": 10,
      "trackInventory": true
    },
    "hasVariants": false,
    "images": [
      {
        "url": "https://images.unsplash.com/photo-1624704645022",
        "alt": "Microsoft Surface Laptop 5",
        "position": 1,
        "isMain": true
      }
    ],
    "primaryImage": "https://images.unsplash.com/photo-1524971181305",
    "physical": {
      "weight": 2.69,
      "weightUnit": "kg",
      "dimensions": {
        "length": 43.0,
        "width": 28.8,
        "height": 13.1,
        "unit": "cm"
      }
    },
    "shipping": {
      "requiresShipping": true,
      "isFreeShipping": true,
      "shippingClass": "standard"
    },
    "status": "active",
    "publishedAt": {
      "$date": "2025-07-15T11:47:03.351081"
    },
    "moderation": {
      "status": "approved"
    },
    "condition": "new",
    "warranty": {
      "hasWarranty": true,
      "duration": 12,
      "type": "manufacturer"
    },
    "analytics": {
      "views": 1037,
      "uniqueViews": 725,
      "addedToCart": 61,
      "purchased": 41,
      "averageRating": 4.5,
      "totalReviews": 14,
      "rating5Star": 8,
      "rating4Star": 4,
      "rating3Star": 1,
      "totalSold": 41,
      "totalRevenue": 53299.59
    },
    "isFeatured": true,
    "isBestseller": true,
    "isOnSale": false,
    "productType": "physical",
    "visibility": "public",
    "schemaVersion": 1,
    "createdAt": {
      "$date": "2025-07-15T11:47:03.351081"
    },
    "updatedAt": {
      "$date": "2025-12-07T11:47:03.351081"
    }
  },
  {
    "_id": {
      "$oid": "5864c5f271a3a479bc150ca3"
    },
    "sellerId": {
      "$oid": "674a03d139f1f85510c3d6bd"
    },
    "sellerInfo": {
      "name": "Tech Gadgets Central",
      "slug": "tech-gadgets-central",
      "rating": 4.5,
      "verificationStatus": "verified"
    },
    "title": "Razer Blade 15 Gaming Laptop",
    "slug": "razer-blade-15-gaming-laptop",
    "description": "High-quality Razer Blade 15 Gaming Laptop from Razer. Premium product with excellent features and performance.",
    "shortDescription": "Razer Razer Blade 15 Gaming Laptop",
    "category": {
      "$oid": "674a03d139f1f85510c3d7ac"
    },
    "categoryPath": [
      {
        "$oid": "674a03d139f1f85510c3d7aa"
      },
      {
        "$oid": "674a03d139f1f85510c3d7ac"
      }
    ],
    "categoryNames": [
      "Electronics"
    ],
    "tags": [
      "razer",
      "laptops"
    ],
    "brand": "Razer",
    "manufacturer": "Razer",
    "sku": "RAZER-BLADE-15-GAMIN-18",
    "pricing": {
      "basePrice": 2799.99,
      "salePrice": 2379.99,
      "currency": "USD",
      "taxable": true
    },
    "inventory": {
      "stockQuantity": 17,
      "reservedQuantity": 0,
      "availableQuantity": 16,
      "lowStockThreshold": 10,
      "trackInventory": true
    },
    "hasVariants": false,
    "images": [
      {
        "url": "https://images.unsplash.com/photo-1661861313206",
        "alt": "Razer Blade 15 Gaming Laptop",
        "position": 1,
        "isMain": true
      }
    ],
    "primaryImage": "https://images.unsplash.com/photo-1526749191549",
    "physical": {
      "weight": 0.98,
      "weightUnit": "kg",
      "dimensions": {
        "length": 47.1,
        "width": 19.6,
        "height": 2.0,
        "unit": "cm"
      }
    },
    "shipping": {
      "requiresShipping": true,
      "isFreeShipping": true,
      "shippingClass": "standard"
    },
    "status": "active",
    "publishedAt": {
      "$date": "2025-05-09T11:47:03.351081"
    },
    "moderation": {
      "status": "approved"
    },
    "condition": "new",
    "warranty": {
      "hasWarranty": true,
      "duration": 12,
      "type": "manufacturer"
    },
    "analytics": {
      "views": 1906,
      "uniqueViews": 1334,
      "addedToCart": 45,
      "purchased": 30,
      "averageRating": 4.1,
      "totalReviews": 30,
      "rating5Star": 18,
      "rating4Star": 9,
      "rating3Star": 3,
      "totalSold": 30,
      "totalRevenue": 71399.7
    },
    "isFeatured": false,
    "isBestseller": true,
    "isOnSale": true,
    "productType": "physical",
    "visibility": "public",
    "schemaVersion": 1,
    "createdAt": {
      "$date": "2025-05-09T11:47:03.351081"
    },
    "updatedAt": {
      "$date": "2025-12-07T11:47:03.351081"
    },
    "discount": {
      "isActive": true,
      "type": "percentage",
      "value": 15,
      "startDate": {
        "$date": "2025-11-01T00:00:00.000Z"
      },
      "endDate": {
        "$date": "2025-12-31T23:59:59.000Z"
      }
    }
  },
  {
    "_id": {
      "$oid": "6f46ba6e9a4d86538e4e680b"
    },
    "sellerId": {
      "$oid": "674a03d139f1f85510c3d6ba"
    },
    "sellerInfo": {
      "name": "TM Electronics Hub",
      "slug": "tm-electronics-hub",
      "rating": 4.6,
      "verificationStatus": "verified"
    },
    "title": "Bose QuietComfort Ultra Headphones",
    "slug": "bose-quietcomfort-ultra-headphones",
    "description": "High-quality Bose QuietComfort Ultra Headphones from Bose. Premium product with excellent features and performance.",
    "shortDescription": "Bose Bose QuietComfort Ultra Headph",
    "category": {
      "$oid": "674a03d139f1f85510c3d7ad"
    },
    "categoryPath": [
      {
        "$oid": "674a03d139f1f85510c3d7aa"
      },
      {
        "$oid": "674a03d139f1f85510c3d7ad"
      }
    ],
    "categoryNames": [
      "Electronics"
    ],
    "tags": [
      "bose",
      "accessories"
    ],
    "brand": "Bose",
    "manufacturer": "Bose",
    "sku": "BOSE-QUIETCOMFORT-UL-19",
    "pricing": {
      "basePrice": 429.99,
      "currency": "USD",
      "taxable": true
    },
    "inventory": {
      "stockQuantity": 72,
      "reservedQuantity": 1,
      "availableQuantity": 72,
      "lowStockThreshold": 10,
      "trackInventory": true
    },
    "hasVariants": false,
    "images": [
      {
        "url": "https://images.unsplash.com/photo-1607244699355",
        "alt": "Bose QuietComfort Ultra Headphones",
        "position": 1,
        "isMain": true
      }
    ],
    "primaryImage": "https://images.unsplash.com/photo-1524523092602",
    "physical": {
      "weight": 1.28,
      "weightUnit": "kg",
      "dimensions": {
        "length": 47.7,
        "width": 14.7,
        "height": 15.4,
        "unit": "cm"
      }
    },
    "shipping": {
      "requiresShipping": true,
      "isFreeShipping": true,
      "shippingClass": "standard"
    },
    "status": "active",
    "publishedAt": {
      "$date": "2025-06-07T11:47:03.351081"
    },
    "moderation": {
      "status": "approved"
    },
    "condition": "new",
    "warranty": {
      "hasWarranty": true,
      "duration": 12,
      "type": "manufacturer"
    },
    "analytics": {
      "views": 1127,
      "uniqueViews": 788,
      "addedToCart": 10,
      "purchased": 7,
      "averageRating": 4.4,
      "totalReviews": 10,
      "rating5Star": 6,
      "rating4Star": 3,
      "rating3Star": 1,
      "totalSold": 7,
      "totalRevenue": 3009.93
    },
    "isFeatured": false,
    "isBestseller": false,
    "isOnSale": false,
    "productType": "physical",
    "visibility": "public",
    "schemaVersion": 1,
    "createdAt": {
      "$date": "2025-06-07T11:47:03.351081"
    },
    "updatedAt": {
      "$date": "2025-12-07T11:47:03.351081"
    }
  },
  {
    "_id": {
      "$oid": "6a0f053d767434e7514f492a"
    },
    "sellerId": {
      "$oid": "674a03d139f1f85510c3d6bd"
    },
    "sellerInfo": {
      "name": "Tech Gadgets Central",
      "slug": "tech-gadgets-central",
      "rating": 4.5,
      "verificationStatus": "verified"
    },
    "title": "Beats Studio Pro Wireless Headphones",
    "slug": "beats-studio-pro-wireless-headphones",
    "description": "High-quality Beats Studio Pro Wireless Headphones from Beats. Premium product with excellent features and performance.",
    "shortDescription": "Beats Beats Studio Pro Wireless Head",
    "category": {
      "$oid": "674a03d139f1f85510c3d7ad"
    },
    "categoryPath": [
      {
        "$oid": "674a03d139f1f85510c3d7aa"
      },
      {
        "$oid": "674a03d139f1f85510c3d7ad"
      }
    ],
    "categoryNames": [
      "Electronics"
    ],
    "tags": [
      "beats",
      "accessories"
    ],
    "brand": "Beats",
    "manufacturer": "Beats",
    "sku": "BEATS-STUDIO-PRO-WIR-20",
    "pricing": {
      "basePrice": 349.99,
      "salePrice": 297.49,
      "currency": "USD",
      "taxable": true
    },
    "inventory": {
      "stockQuantity": 78,
      "reservedQuantity": 1,
      "availableQuantity": 76,
      "lowStockThreshold": 10,
      "trackInventory": true
    },
    "hasVariants": false,
    "images": [
      {
        "url": "https://images.unsplash.com/photo-1641796956673",
        "alt": "Beats Studio Pro Wireless Headphones",
        "position": 1,
        "isMain": true
      }
    ],
    "primaryImage": "https://images.unsplash.com/photo-1568469590265",
    "physical": {
      "weight": 0.64,
      "weightUnit": "kg",
      "dimensions": {
        "length": 39.1,
        "width": 24.4,
        "height": 4.8,
        "unit": "cm"
      }
    },
    "shipping": {
      "requiresShipping": true,
      "isFreeShipping": true,
      "shippingClass": "standard"
    },
    "status": "active",
    "publishedAt": {
      "$date": "2025-10-05T11:47:03.351081"
    },
    "moderation": {
      "status": "approved"
    },
    "condition": "new",
    "warranty": {
      "hasWarranty": true,
      "duration": 12,
      "type": "manufacturer"
    },
    "analytics": {
      "views": 1271,
      "uniqueViews": 889,
      "addedToCart": 10,
      "purchased": 7,
      "averageRating": 4.9,
      "totalReviews": 8,
      "rating5Star": 4,
      "rating4Star": 2,
      "rating3Star": 0,
      "totalSold": 7,
      "totalRevenue": 2082.43
    },
    "isFeatured": false,
    "isBestseller": false,
    "isOnSale": true,
    "productType": "physical",
    "visibility": "public",
    "schemaVersion": 1,
    "createdAt": {
      "$date": "2025-10-05T11:47:03.351081"
    },
    "updatedAt": {
      "$date": "2025-12-07T11:47:03.351081"
    },
    "discount": {
      "isActive": true,
      "type": "percentage",
      "value": 15,
      "startDate": {
        "$date": "2025-11-01T00:00:00.000Z"
      },
      "endDate": {
        "$date": "2025-12-31T23:59:59.000Z"
      }
    }
  },
  {
    "_id": {
      "$oid": "81559ffaaaaf3eeb333eac6d"
    },
    "sellerId": {
      "$oid": "674a03d139f1f85510c3d6ba"
    },
    "sellerInfo": {
      "name": "TM Electronics Hub",
      "slug": "tm-electronics-hub",
      "rating": 4.6,
      "verificationStatus": "verified"
    },
    "title": "Sennheiser Momentum 4 Wireless",
    "slug": "sennheiser-momentum-4-wireless",
    "description": "High-quality Sennheiser Momentum 4 Wireless from Sennheiser. Premium product with excellent features and performance.",
    "shortDescription": "Sennheiser Sennheiser Momentum 4 Wireless",
    "category": {
      "$oid": "674a03d139f1f85510c3d7ad"
    },
    "categoryPath": [
      {
        "$oid": "674a03d139f1f85510c3d7aa"
      },
      {
        "$oid": "674a03d139f1f85510c3d7ad"
      }
    ],
    "categoryNames": [
      "Electronics"
    ],
    "tags": [
      "sennheiser",
      "accessories"
    ],
    "brand": "Sennheiser",
    "manufacturer": "Sennheiser",
    "sku": "SENNHEISER-MOMENTUM--21",
    "pricing": {
      "basePrice": 379.99,
      "salePrice": 322.99,
      "currency": "USD",
      "taxable": true
    },
    "inventory": {
      "stockQuantity": 79,
      "reservedQuantity": 3,
      "availableQuantity": 79,
      "lowStockThreshold": 10,
      "trackInventory": true
    },
    "hasVariants": false,
    "images": [
      {
        "url": "https://images.unsplash.com/photo-1557466283854",
        "alt": "Sennheiser Momentum 4 Wireless",
        "position": 1,
        "isMain": true
      }
    ],
    "primaryImage": "https://images.unsplash.com/photo-1512147131592",
    "physical": {
      "weight": 4.88,
      "weightUnit": "kg",
      "dimensions": {
        "length": 36.3,
        "width": 34.1,
        "height": 10.4,
        "unit": "cm"
      }
    },
    "shipping": {
      "requiresShipping": true,
      "isFreeShipping": true,
      "shippingClass": "standard"
    },
    "status": "active",
    "publishedAt": {
      "$date": "2025-06-03T11:47:03.351081"
    },
    "moderation": {
      "status": "approved"
    },
    "condition": "new",
    "warranty": {
      "hasWarranty": true,
      "duration": 12,
      "type": "manufacturer"
    },
    "analytics": {
      "views": 1336,
      "uniqueViews": 935,
      "addedToCart": 31,
      "purchased": 21,
      "averageRating": 4.9,
      "totalReviews": 10,
      "rating5Star": 6,
      "rating4Star": 3,
      "rating3Star": 1,
      "totalSold": 21,
      "totalRevenue": 6782.79
    },
    "isFeatured": false,
    "isBestseller": true,
    "isOnSale": true,
    "productType": "physical",
    "visibility": "public",
    "schemaVersion": 1,
    "createdAt": {
      "$date": "2025-06-03T11:47:03.351081"
    },
    "updatedAt": {
      "$date": "2025-12-07T11:47:03.351081"
    },
    "discount": {
      "isActive": true,
      "type": "percentage",
      "value": 15,
      "startDate": {
        "$date": "2025-11-01T00:00:00.000Z"
      },
      "endDate": {
        "$date": "2025-12-31T23:59:59.000Z"
      }
    }
  },
  {
    "_id": {
      "$oid": "182548ac552ea2b2103e2df3"
    },
    "sellerId": {
      "$oid": "674a03d139f1f85510c3d6bd"
    },
    "sellerInfo": {
      "name": "Tech Gadgets Central",
      "slug": "tech-gadgets-central",
      "rating": 4.5,
      "verificationStatus": "verified"
    },
    "title": "JBL Flip 6 Portable Bluetooth Speaker",
    "slug": "jbl-flip-6-portable-bluetooth-speaker",
    "description": "High-quality JBL Flip 6 Portable Bluetooth Speaker from JBL. Premium product with excellent features and performance.",
    "shortDescription": "JBL JBL Flip 6 Portable Bluetooth ",
    "category": {
      "$oid": "674a03d139f1f85510c3d7ad"
    },
    "categoryPath": [
      {
        "$oid": "674a03d139f1f85510c3d7aa"
      },
      {
        "$oid": "674a03d139f1f85510c3d7ad"
      }
    ],
    "categoryNames": [
      "Electronics"
    ],
    "tags": [
      "jbl",
      "accessories"
    ],
    "brand": "JBL",
    "manufacturer": "JBL",
    "sku": "JBL-FLIP-6-PORTABLE--22",
    "pricing": {
      "basePrice": 129.99,
      "currency": "USD",
      "taxable": true
    },
    "inventory": {
      "stockQuantity": 100,
      "reservedQuantity": 3,
      "availableQuantity": 97,
      "lowStockThreshold": 10,
      "trackInventory": true
    },
    "hasVariants": false,
    "images": [
      {
        "url": "https://images.unsplash.com/photo-1568858954060",
        "alt": "JBL Flip 6 Portable Bluetooth Speaker",
        "position": 1,
        "isMain": true
      }
    ],
    "primaryImage": "https://images.unsplash.com/photo-1667749401421",
    "physical": {
      "weight": 2.19,
      "weightUnit": "kg",
      "dimensions": {
        "length": 12.2,
        "width": 22.3,
        "height": 3.2,
        "unit": "cm"
      }
    },
    "shipping": {
      "requiresShipping": true,
      "isFreeShipping": true,
      "shippingClass": "standard"
    },
    "status": "active",
    "publishedAt": {
      "$date": "2024-12-13T11:47:03.351081"
    },
    "moderation": {
      "status": "approved"
    },
    "condition": "new",
    "warranty": {
      "hasWarranty": true,
      "duration": 12,
      "type": "manufacturer"
    },
    "analytics": {
      "views": 1494,
      "uniqueViews": 1045,
      "addedToCart": 7,
      "purchased": 5,
      "averageRating": 4.5,
      "totalReviews": 13,
      "rating5Star": 7,
      "rating4Star": 3,
      "rating3Star": 1,
      "totalSold": 5,
      "totalRevenue": 649.95
    },
    "isFeatured": false,
    "isBestseller": false,
    "isOnSale": false,
    "productType": "physical",
    "visibility": "public",
    "schemaVersion": 1,
    "createdAt": {
      "$date": "2024-12-13T11:47:03.351081"
    },
    "updatedAt": {
      "$date": "2025-12-07T11:47:03.351081"
    }
  },
  {
    "_id": {
      "$oid": "395cf37491011514f3f8aaea"
    },
    "sellerId": {
      "$oid": "674a03d139f1f85510c3d6ba"
    },
    "sellerInfo": {
      "name": "TM Electronics Hub",
      "slug": "tm-electronics-hub",
      "rating": 4.6,
      "verificationStatus": "verified"
    },
    "title": "Sony WF-1000XM5 Wireless Earbuds",
    "slug": "sony-wf-1000xm5-wireless-earbuds",
    "description": "High-quality Sony WF-1000XM5 Wireless Earbuds from Sony. Premium product with excellent features and performance.",
    "shortDescription": "Sony Sony WF-1000XM5 Wireless Earbu",
    "category": {
      "$oid": "674a03d139f1f85510c3d7ad"
    },
    "categoryPath": [
      {
        "$oid": "674a03d139f1f85510c3d7aa"
      },
      {
        "$oid": "674a03d139f1f85510c3d7ad"
      }
    ],
    "categoryNames": [
      "Electronics"
    ],
    "tags": [
      "sony",
      "accessories"
    ],
    "brand": "Sony",
    "manufacturer": "Sony",
    "sku": "SONY-WF-1000XM5-WIRE-23",
    "pricing": {
      "basePrice": 299.99,
      "currency": "USD",
      "taxable": true
    },
    "inventory": {
      "stockQuantity": 16,
      "reservedQuantity": 2,
      "availableQuantity": 14,
      "lowStockThreshold": 10,
      "trackInventory": true
    },
    "hasVariants": false,
    "images": [
      {
        "url": "https://images.unsplash.com/photo-1656404757322",
        "alt": "Sony WF-1000XM5 Wireless Earbuds",
        "position": 1,
        "isMain": true
      }
    ],
    "primaryImage": "https://images.unsplash.com/photo-1640321579355",
    "physical": {
      "weight": 1.02,
      "weightUnit": "kg",
      "dimensions": {
        "length": 44.6,
        "width": 35.6,
        "height": 19.6,
        "unit": "cm"
      }
    },
    "shipping": {
      "requiresShipping": true,
      "isFreeShipping": true,
      "shippingClass": "standard"
    },
    "status": "active",
    "publishedAt": {
      "$date": "2025-07-16T11:47:03.351081"
    },
    "moderation": {
      "status": "approved"
    },
    "condition": "new",
    "warranty": {
      "hasWarranty": true,
      "duration": 12,
      "type": "manufacturer"
    },
    "analytics": {
      "views": 965,
      "uniqueViews": 675,
      "addedToCart": 67,
      "purchased": 45,
      "averageRating": 4.2,
      "totalReviews": 12,
      "rating5Star": 7,
      "rating4Star": 3,
      "rating3Star": 1,
      "totalSold": 45,
      "totalRevenue": 13499.55
    },
    "isFeatured": true,
    "isBestseller": true,
    "isOnSale": false,
    "productType": "physical",
    "visibility": "public",
    "schemaVersion": 1,
    "createdAt": {
      "$date": "2025-07-16T11:47:03.351081"
    },
    "updatedAt": {
      "$date": "2025-12-07T11:47:03.351081"
    }
  },
  {
    "_id": {
      "$oid": "4d71154bb9b5f6949662987e"
    },
    "sellerId": {
      "$oid": "674a03d139f1f85510c3d6bd"
    },
    "sellerInfo": {
      "name": "Tech Gadgets Central",
      "slug": "tech-gadgets-central",
      "rating": 4.5,
      "verificationStatus": "verified"
    },
    "title": "Samsung Galaxy Buds2 Pro",
    "slug": "samsung-galaxy-buds2-pro",
    "description": "High-quality Samsung Galaxy Buds2 Pro from Samsung. Premium product with excellent features and performance.",
    "shortDescription": "Samsung Samsung Galaxy Buds2 Pro",
    "category": {
      "$oid": "674a03d139f1f85510c3d7ad"
    },
    "categoryPath": [
      {
        "$oid": "674a03d139f1f85510c3d7aa"
      },
      {
        "$oid": "674a03d139f1f85510c3d7ad"
      }
    ],
    "categoryNames": [
      "Electronics"
    ],
    "tags": [
      "samsung",
      "accessories"
    ],
    "brand": "Samsung",
    "manufacturer": "Samsung",
    "sku": "SAMSUNG-GALAXY-BUDS2-24",
    "pricing": {
      "basePrice": 229.99,
      "salePrice": 195.49,
      "currency": "USD",
      "taxable": true
    },
    "inventory": {
      "stockQuantity": 59,
      "reservedQuantity": 2,
      "availableQuantity": 56,
      "lowStockThreshold": 10,
      "trackInventory": true
    },
    "hasVariants": false,
    "images": [
      {
        "url": "https://images.unsplash.com/photo-1531492816079",
        "alt": "Samsung Galaxy Buds2 Pro",
        "position": 1,
        "isMain": true
      }
    ],
    "primaryImage": "https://images.unsplash.com/photo-1591465019236",
    "physical": {
      "weight": 4.46,
      "weightUnit": "kg",
      "dimensions": {
        "length": 49.4,
        "width": 37.0,
        "height": 15.4,
        "unit": "cm"
      }
    },
    "shipping": {
      "requiresShipping": true,
      "isFreeShipping": true,
      "shippingClass": "standard"
    },
    "status": "active",
    "publishedAt": {
      "$date": "2025-05-04T11:47:03.351081"
    },
    "moderation": {
      "status": "approved"
    },
    "condition": "new",
    "warranty": {
      "hasWarranty": true,
      "duration": 12,
      "type": "manufacturer"
    },
    "analytics": {
      "views": 1537,
      "uniqueViews": 1075,
      "addedToCart": 55,
      "purchased": 37,
      "averageRating": 4.4,
      "totalReviews": 9,
      "rating5Star": 5,
      "rating4Star": 2,
      "rating3Star": 0,
      "totalSold": 37,
      "totalRevenue": 7233.13
    },
    "isFeatured": true,
    "isBestseller": true,
    "isOnSale": true,
    "productType": "physical",
    "visibility": "public",
    "schemaVersion": 1,
    "createdAt": {
      "$date": "2025-05-04T11:47:03.351081"
    },
    "updatedAt": {
      "$date": "2025-12-07T11:47:03.351081"
    },
    "discount": {
      "isActive": true,
      "type": "percentage",
      "value": 15,
      "startDate": {
        "$date": "2025-11-01T00:00:00.000Z"
      },
      "endDate": {
        "$date": "2025-12-31T23:59:59.000Z"
      }
    }
  },
  {
    "_id": {
      "$oid": "f6908bbfc2d01ddf59bc5c12"
    },
    "sellerId": {
      "$oid": "674a03d139f1f85510c3d6ba"
    },
    "sellerInfo": {
      "name": "TM Electronics Hub",
      "slug": "tm-electronics-hub",
      "rating": 4.6,
      "verificationStatus": "verified"
    },
    "title": "Logitech G Pro X Superlight 2 Gaming Mouse",
    "slug": "logitech-g-pro-x-superlight-2-gaming-mouse",
    "description": "High-quality Logitech G Pro X Superlight 2 Gaming Mouse from Logitech. Premium product with excellent features and performance.",
    "shortDescription": "Logitech Logitech G Pro X Superlight 2 ",
    "category": {
      "$oid": "674a03d139f1f85510c3d7ad"
    },
    "categoryPath": [
      {
        "$oid": "674a03d139f1f85510c3d7aa"
      },
      {
        "$oid": "674a03d139f1f85510c3d7ad"
      }
    ],
    "categoryNames": [
      "Electronics"
    ],
    "tags": [
      "logitech",
      "accessories"
    ],
    "brand": "Logitech",
    "manufacturer": "Logitech",
    "sku": "LOGITECH-G-PRO-X-SUP-25",
    "pricing": {
      "basePrice": 159.99,
      "salePrice": 135.99,
      "currency": "USD",
      "taxable": true
    },
    "inventory": {
      "stockQuantity": 47,
      "reservedQuantity": 3,
      "availableQuantity": 46,
      "lowStockThreshold": 10,
      "trackInventory": true
    },
    "hasVariants": false,
    "images": [
      {
        "url": "https://images.unsplash.com/photo-1617196610040",
        "alt": "Logitech G Pro X Superlight 2 Gaming Mouse",
        "position": 1,
        "isMain": true
      }
    ],
    "primaryImage": "https://images.unsplash.com/photo-1581037609075",
    "physical": {
      "weight": 0.43,
      "weightUnit": "kg",
      "dimensions": {
        "length": 23.3,
        "width": 35.8,
        "height": 18.1,
        "unit": "cm"
      }
    },
    "shipping": {
      "requiresShipping": true,
      "isFreeShipping": true,
      "shippingClass": "standard"
    },
    "status": "active",
    "publishedAt": {
      "$date": "2024-12-19T11:47:03.351081"
    },
    "moderation": {
      "status": "approved"
    },
    "condition": "new",
    "warranty": {
      "hasWarranty": true,
      "duration": 12,
      "type": "manufacturer"
    },
    "analytics": {
      "views": 295,
      "uniqueViews": 206,
      "addedToCart": 30,
      "purchased": 20,
      "averageRating": 4.2,
      "totalReviews": 29,
      "rating5Star": 17,
      "rating4Star": 8,
      "rating3Star": 2,
      "totalSold": 20,
      "totalRevenue": 2719.8
    },
    "isFeatured": false,
    "isBestseller": false,
    "isOnSale": true,
    "productType": "physical",
    "visibility": "public",
    "schemaVersion": 1,
    "createdAt": {
      "$date": "2024-12-19T11:47:03.351081"
    },
    "updatedAt": {
      "$date": "2025-12-07T11:47:03.351081"
    },
    "discount": {
      "isActive": true,
      "type": "percentage",
      "value": 15,
      "startDate": {
        "$date": "2025-11-01T00:00:00.000Z"
      },
      "endDate": {
        "$date": "2025-12-31T23:59:59.000Z"
      }
    }
  },
  {
    "_id": {
      "$oid": "91fbfa98d616fc79bcbc076a"
    },
    "sellerId": {
      "$oid": "674a03d139f1f85510c3d6bd"
    },
    "sellerInfo": {
      "name": "Tech Gadgets Central",
      "slug": "tech-gadgets-central",
      "rating": 4.5,
      "verificationStatus": "verified"
    },
    "title": "Razer DeathAdder V3 Pro Wireless Mouse",
    "slug": "razer-deathadder-v3-pro-wireless-mouse",
    "description": "High-quality Razer DeathAdder V3 Pro Wireless Mouse from Razer. Premium product with excellent features and performance.",
    "shortDescription": "Razer Razer DeathAdder V3 Pro Wirele",
    "category": {
      "$oid": "674a03d139f1f85510c3d7ad"
    },
    "categoryPath": [
      {
        "$oid": "674a03d139f1f85510c3d7aa"
      },
      {
        "$oid": "674a03d139f1f85510c3d7ad"
      }
    ],
    "categoryNames": [
      "Electronics"
    ],
    "tags": [
      "razer",
      "accessories"
    ],
    "brand": "Razer",
    "manufacturer": "Razer",
    "sku": "RAZER-DEATHADDER-V3--26",
    "pricing": {
      "basePrice": 149.99,
      "currency": "USD",
      "taxable": true
    },
    "inventory": {
      "stockQuantity": 32,
      "reservedQuantity": 2,
      "availableQuantity": 31,
      "lowStockThreshold": 10,
      "trackInventory": true
    },
    "hasVariants": false,
    "images": [
      {
        "url": "https://images.unsplash.com/photo-1566148673185",
        "alt": "Razer DeathAdder V3 Pro Wireless Mouse",
        "position": 1,
        "isMain": true
      }
    ],
    "primaryImage": "https://images.unsplash.com/photo-1593547138462",
    "physical": {
      "weight": 0.31,
      "weightUnit": "kg",
      "dimensions": {
        "length": 20.6,
        "width": 16.0,
        "height": 9.0,
        "unit": "cm"
      }
    },
    "shipping": {
      "requiresShipping": true,
      "isFreeShipping": true,
      "shippingClass": "standard"
    },
    "status": "active",
    "publishedAt": {
      "$date": "2025-10-20T11:47:03.351081"
    },
    "moderation": {
      "status": "approved"
    },
    "condition": "new",
    "warranty": {
      "hasWarranty": true,
      "duration": 12,
      "type": "manufacturer"
    },
    "analytics": {
      "views": 1406,
      "uniqueViews": 984,
      "addedToCart": 33,
      "purchased": 22,
      "averageRating": 4.7,
      "totalReviews": 25,
      "rating5Star": 15,
      "rating4Star": 7,
      "rating3Star": 2,
      "totalSold": 22,
      "totalRevenue": 3299.78
    },
    "isFeatured": true,
    "isBestseller": true,
    "isOnSale": false,
    "productType": "physical",
    "visibility": "public",
    "schemaVersion": 1,
    "createdAt": {
      "$date": "2025-10-20T11:47:03.351081"
    },
    "updatedAt": {
      "$date": "2025-12-07T11:47:03.351081"
    }
  },
  {
    "_id": {
      "$oid": "a0c02b13e1bddf94888d3074"
    },
    "sellerId": {
      "$oid": "674a03d139f1f85510c3d6ba"
    },
    "sellerInfo": {
      "name": "TM Electronics Hub",
      "slug": "tm-electronics-hub",
      "rating": 4.6,
      "verificationStatus": "verified"
    },
    "title": "Keychron K8 Pro Wireless Mechanical Keyboard",
    "slug": "keychron-k8-pro-wireless-mechanical-keyboard",
    "description": "High-quality Keychron K8 Pro Wireless Mechanical Keyboard from Keychron. Premium product with excellent features and performance.",
    "shortDescription": "Keychron Keychron K8 Pro Wireless Mecha",
    "category": {
      "$oid": "674a03d139f1f85510c3d7ad"
    },
    "categoryPath": [
      {
        "$oid": "674a03d139f1f85510c3d7aa"
      },
      {
        "$oid": "674a03d139f1f85510c3d7ad"
      }
    ],
    "categoryNames": [
      "Electronics"
    ],
    "tags": [
      "keychron",
      "accessories"
    ],
    "brand": "Keychron",
    "manufacturer": "Keychron",
    "sku": "KEYCHRON-K8-PRO-WIRE-27",
    "pricing": {
      "basePrice": 109.99,
      "salePrice": 93.49,
      "currency": "USD",
      "taxable": true
    },
    "inventory": {
      "stockQuantity": 47,
      "reservedQuantity": 0,
      "availableQuantity": 44,
      "lowStockThreshold": 10,
      "trackInventory": true
    },
    "hasVariants": false,
    "images": [
      {
        "url": "https://images.unsplash.com/photo-1510803925760",
        "alt": "Keychron K8 Pro Wireless Mechanical Keyboard",
        "position": 1,
        "isMain": true
      }
    ],
    "primaryImage": "https://images.unsplash.com/photo-1595202056718",
    "physical": {
      "weight": 2.12,
      "weightUnit": "kg",
      "dimensions": {
        "length": 28.6,
        "width": 25.3,
        "height": 2.7,
        "unit": "cm"
      }
    },
    "shipping": {
      "requiresShipping": true,
      "isFreeShipping": true,
      "shippingClass": "standard"
    },
    "status": "active",
    "publishedAt": {
      "$date": "2025-01-25T11:47:03.351081"
    },
    "moderation": {
      "status": "approved"
    },
    "condition": "new",
    "warranty": {
      "hasWarranty": true,
      "duration": 12,
      "type": "manufacturer"
    },
    "analytics": {
      "views": 1085,
      "uniqueViews": 759,
      "addedToCart": 30,
      "purchased": 20,
      "averageRating": 4.4,
      "totalReviews": 18,
      "rating5Star": 10,
      "rating4Star": 5,
      "rating3Star": 1,
      "totalSold": 20,
      "totalRevenue": 1869.8
    },
    "isFeatured": true,
    "isBestseller": false,
    "isOnSale": true,
    "productType": "physical",
    "visibility": "public",
    "schemaVersion": 1,
    "createdAt": {
      "$date": "2025-01-25T11:47:03.351081"
    },
    "updatedAt": {
      "$date": "2025-12-07T11:47:03.351081"
    },
    "discount": {
      "isActive": true,
      "type": "percentage",
      "value": 15,
      "startDate": {
        "$date": "2025-11-01T00:00:00.000Z"
      },
      "endDate": {
        "$date": "2025-12-31T23:59:59.000Z"
      }
    }
  },
  {
    "_id": {
      "$oid": "52063997c11e05fbcb646504"
    },
    "sellerId": {
      "$oid": "674a03d139f1f85510c3d6bd"
    },
    "sellerInfo": {
      "name": "Tech Gadgets Central",
      "slug": "tech-gadgets-central",
      "rating": 4.5,
      "verificationStatus": "verified"
    },
    "title": "Corsair K70 RGB PRO Mechanical Keyboard",
    "slug": "corsair-k70-rgb-pro-mechanical-keyboard",
    "description": "High-quality Corsair K70 RGB PRO Mechanical Keyboard from Corsair. Premium product with excellent features and performance.",
    "shortDescription": "Corsair Corsair K70 RGB PRO Mechanical",
    "category": {
      "$oid": "674a03d139f1f85510c3d7ad"
    },
    "categoryPath": [
      {
        "$oid": "674a03d139f1f85510c3d7aa"
      },
      {
        "$oid": "674a03d139f1f85510c3d7ad"
      }
    ],
    "categoryNames": [
      "Electronics"
    ],
    "tags": [
      "corsair",
      "accessories"
    ],
    "brand": "Corsair",
    "manufacturer": "Corsair",
    "sku": "CORSAIR-K70-RGB-PRO--28",
    "pricing": {
      "basePrice": 179.99,
      "salePrice": 152.99,
      "currency": "USD",
      "taxable": true
    },
    "inventory": {
      "stockQuantity": 38,
      "reservedQuantity": 2,
      "availableQuantity": 36,
      "lowStockThreshold": 10,
      "trackInventory": true
    },
    "hasVariants": false,
    "images": [
      {
        "url": "https://images.unsplash.com/photo-1562334782456",
        "alt": "Corsair K70 RGB PRO Mechanical Keyboard",
        "position": 1,
        "isMain": true
      }
    ],
    "primaryImage": "https://images.unsplash.com/photo-1533358045045",
    "physical": {
      "weight": 0.27,
      "weightUnit": "kg",
      "dimensions": {
        "length": 32.8,
        "width": 31.4,
        "height": 15.2,
        "unit": "cm"
      }
    },
    "shipping": {
      "requiresShipping": true,
      "isFreeShipping": true,
      "shippingClass": "standard"
    },
    "status": "active",
    "publishedAt": {
      "$date": "2024-12-17T11:47:03.351081"
    },
    "moderation": {
      "status": "approved"
    },
    "condition": "new",
    "warranty": {
      "hasWarranty": true,
      "duration": 12,
      "type": "manufacturer"
    },
    "analytics": {
      "views": 749,
      "uniqueViews": 524,
      "addedToCart": 57,
      "purchased": 38,
      "averageRating": 4.6,
      "totalReviews": 1,
      "rating5Star": 0,
      "rating4Star": 0,
      "rating3Star": 0,
      "totalSold": 38,
      "totalRevenue": 5813.62
    },
    "isFeatured": true,
    "isBestseller": true,
    "isOnSale": true,
    "productType": "physical",
    "visibility": "public",
    "schemaVersion": 1,
    "createdAt": {
      "$date": "2024-12-17T11:47:03.351081"
    },
    "updatedAt": {
      "$date": "2025-12-07T11:47:03.351081"
    },
    "discount": {
      "isActive": true,
      "type": "percentage",
      "value": 15,
      "startDate": {
        "$date": "2025-11-01T00:00:00.000Z"
      },
      "endDate": {
        "$date": "2025-12-31T23:59:59.000Z"
      }
    }
  },
  {
    "_id": {
      "$oid": "d3855799c12f8447fb72dff3"
    },
    "sellerId": {
      "$oid": "674a03d139f1f85510c3d6ba"
    },
    "sellerInfo": {
      "name": "TM Electronics Hub",
      "slug": "tm-electronics-hub",
      "rating": 4.6,
      "verificationStatus": "verified"
    },
    "title": "SanDisk Extreme Pro 1TB Portable SSD",
    "slug": "sandisk-extreme-pro-1tb-portable-ssd",
    "description": "High-quality SanDisk Extreme Pro 1TB Portable SSD from SanDisk. Premium product with excellent features and performance.",
    "shortDescription": "SanDisk SanDisk Extreme Pro 1TB Portab",
    "category": {
      "$oid": "674a03d139f1f85510c3d7ad"
    },
    "categoryPath": [
      {
        "$oid": "674a03d139f1f85510c3d7aa"
      },
      {
        "$oid": "674a03d139f1f85510c3d7ad"
      }
    ],
    "categoryNames": [
      "Electronics"
    ],
    "tags": [
      "sandisk",
      "accessories"
    ],
    "brand": "SanDisk",
    "manufacturer": "SanDisk",
    "sku": "SANDISK-EXTREME-PRO--29",
    "pricing": {
      "basePrice": 159.99,
      "currency": "USD",
      "taxable": true
    },
    "inventory": {
      "stockQuantity": 51,
      "reservedQuantity": 3,
      "availableQuantity": 49,
      "lowStockThreshold": 10,
      "trackInventory": true
    },
    "hasVariants": false,
    "images": [
      {
        "url": "https://images.unsplash.com/photo-1683038286396",
        "alt": "SanDisk Extreme Pro 1TB Portable SSD",
        "position": 1,
        "isMain": true
      }
    ],
    "primaryImage": "https://images.unsplash.com/photo-1683464466765",
    "physical": {
      "weight": 2.67,
      "weightUnit": "kg",
      "dimensions": {
        "length": 10.9,
        "width": 22.9,
        "height": 10.3,
        "unit": "cm"
      }
    },
    "shipping": {
      "requiresShipping": true,
      "isFreeShipping": true,
      "shippingClass": "standard"
    },
    "status": "active",
    "publishedAt": {
      "$date": "2025-05-07T11:47:03.351081"
    },
    "moderation": {
      "status": "approved"
    },
    "condition": "new",
    "warranty": {
      "hasWarranty": true,
      "duration": 12,
      "type": "manufacturer"
    },
    "analytics": {
      "views": 744,
      "uniqueViews": 520,
      "addedToCart": 72,
      "purchased": 48,
      "averageRating": 4.7,
      "totalReviews": 16,
      "rating5Star": 9,
      "rating4Star": 4,
      "rating3Star": 1,
      "totalSold": 48,
      "totalRevenue": 7679.52
    },
    "isFeatured": false,
    "isBestseller": true,
    "isOnSale": false,
    "productType": "physical",
    "visibility": "public",
    "schemaVersion": 1,
    "createdAt": {
      "$date": "2025-05-07T11:47:03.351081"
    },
    "updatedAt": {
      "$date": "2025-12-07T11:47:03.351081"
    }
  },
  {
    "_id": {
      "$oid": "3f81a65b8160287c8b201fab"
    },
    "sellerId": {
      "$oid": "674a03d139f1f85510c3d6bd"
    },
    "sellerInfo": {
      "name": "Tech Gadgets Central",
      "slug": "tech-gadgets-central",
      "rating": 4.5,
      "verificationStatus": "verified"
    },
    "title": "Samsung T7 Shield 2TB Portable SSD",
    "slug": "samsung-t7-shield-2tb-portable-ssd",
    "description": "High-quality Samsung T7 Shield 2TB Portable SSD from Samsung. Premium product with excellent features and performance.",
    "shortDescription": "Samsung Samsung T7 Shield 2TB Portable",
    "category": {
      "$oid": "674a03d139f1f85510c3d7ad"
    },
    "categoryPath": [
      {
        "$oid": "674a03d139f1f85510c3d7aa"
      },
      {
        "$oid": "674a03d139f1f85510c3d7ad"
      }
    ],
    "categoryNames": [
      "Electronics"
    ],
    "tags": [
      "samsung",
      "accessories"
    ],
    "brand": "Samsung",
    "manufacturer": "Samsung",
    "sku": "SAMSUNG-T7-SHIELD-2T-30",
    "pricing": {
      "basePrice": 249.99,
      "salePrice": 212.49,
      "currency": "USD",
      "taxable": true
    },
    "inventory": {
      "stockQuantity": 94,
      "reservedQuantity": 2,
      "availableQuantity": 91,
      "lowStockThreshold": 10,
      "trackInventory": true
    },
    "hasVariants": false,
    "images": [
      {
        "url": "https://images.unsplash.com/photo-1569614541505",
        "alt": "Samsung T7 Shield 2TB Portable SSD",
        "position": 1,
        "isMain": true
      }
    ],
    "primaryImage": "https://images.unsplash.com/photo-1638512922671",
    "physical": {
      "weight": 2.2,
      "weightUnit": "kg",
      "dimensions": {
        "length": 38.9,
        "width": 39.7,
        "height": 5.7,
        "unit": "cm"
      }
    },
    "shipping": {
      "requiresShipping": true,
      "isFreeShipping": true,
      "shippingClass": "standard"
    },
    "status": "active",
    "publishedAt": {
      "$date": "2025-06-17T11:47:03.351081"
    },
    "moderation": {
      "status": "approved"
    },
    "condition": "new",
    "warranty": {
      "hasWarranty": true,
      "duration": 12,
      "type": "manufacturer"
    },
    "analytics": {
      "views": 328,
      "uniqueViews": 229,
      "addedToCart": 25,
      "purchased": 17,
      "averageRating": 4.4,
      "totalReviews": 28,
      "rating5Star": 16,
      "rating4Star": 8,
      "rating3Star": 2,
      "totalSold": 17,
      "totalRevenue": 3612.33
    },
    "isFeatured": false,
    "isBestseller": false,
    "isOnSale": true,
    "productType": "physical",
    "visibility": "public",
    "schemaVersion": 1,
    "createdAt": {
      "$date": "2025-06-17T11:47:03.351081"
    },
    "updatedAt": {
      "$date": "2025-12-07T11:47:03.351081"
    },
    "discount": {
      "isActive": true,
      "type": "percentage",
      "value": 15,
      "startDate": {
        "$date": "2025-11-01T00:00:00.000Z"
      },
      "endDate": {
        "$date": "2025-12-31T23:59:59.000Z"
      }
    }
  },
  {
    "_id": {
      "$oid": "b9ce6fc34651b066385e8266"
    },
    "sellerId": {
      "$oid": "674a03d139f1f85510c3d6ba"
    },
    "sellerInfo": {
      "name": "TM Electronics Hub",
      "slug": "tm-electronics-hub",
      "rating": 4.6,
      "verificationStatus": "verified"
    },
    "title": "Nike Air Max 270 - Men's Sneakers",
    "slug": "nike-air-max-270---mens-sneakers",
    "description": "High-quality Nike Air Max 270 - Men's Sneakers from Nike. Premium product with excellent features and performance.",
    "shortDescription": "Nike Nike Air Max 270 - Men's Sneak",
    "category": {
      "$oid": "674a03d139f1f85510c3d7b1"
    },
    "categoryPath": [
      {
        "$oid": "674a03d139f1f85510c3d7ae"
      },
      {
        "$oid": "674a03d139f1f85510c3d7b1"
      }
    ],
    "categoryNames": [
      "Fashion"
    ],
    "tags": [
      "nike",
      "shoes"
    ],
    "brand": "Nike",
    "manufacturer": "Nike",
    "sku": "NIKE-AIR-MAX-270---M-31",
    "pricing": {
      "basePrice": 150.0,
      "salePrice": 127.5,
      "currency": "USD",
      "taxable": true
    },
    "inventory": {
      "stockQuantity": 61,
      "reservedQuantity": 3,
      "availableQuantity": 58,
      "lowStockThreshold": 10,
      "trackInventory": true
    },
    "hasVariants": false,
    "images": [
      {
        "url": "https://images.unsplash.com/photo-1553208950012",
        "alt": "Nike Air Max 270 - Men's Sneakers",
        "position": 1,
        "isMain": true
      }
    ],
    "primaryImage": "https://images.unsplash.com/photo-1581026864423",
    "physical": {
      "weight": 1.3,
      "weightUnit": "kg",
      "dimensions": {
        "length": 11.9,
        "width": 33.2,
        "height": 5.2,
        "unit": "cm"
      }
    },
    "shipping": {
      "requiresShipping": true,
      "isFreeShipping": true,
      "shippingClass": "standard"
    },
    "status": "active",
    "publishedAt": {
      "$date": "2025-09-26T11:47:03.351081"
    },
    "moderation": {
      "status": "approved"
    },
    "condition": "new",
    "warranty": {
      "hasWarranty": true,
      "duration": 12,
      "type": "manufacturer"
    },
    "analytics": {
      "views": 1019,
      "uniqueViews": 713,
      "addedToCart": 55,
      "purchased": 37,
      "averageRating": 5.0,
      "totalReviews": 22,
      "rating5Star": 13,
      "rating4Star": 6,
      "rating3Star": 2,
      "totalSold": 37,
      "totalRevenue": 4717.5
    },
    "isFeatured": true,
    "isBestseller": true,
    "isOnSale": true,
    "productType": "physical",
    "visibility": "public",
    "schemaVersion": 1,
    "createdAt": {
      "$date": "2025-09-26T11:47:03.351081"
    },
    "updatedAt": {
      "$date": "2025-12-07T11:47:03.351081"
    },
    "discount": {
      "isActive": true,
      "type": "percentage",
      "value": 15,
      "startDate": {
        "$date": "2025-11-01T00:00:00.000Z"
      },
      "endDate": {
        "$date": "2025-12-31T23:59:59.000Z"
      }
    }
  },
  {
    "_id": {
      "$oid": "37f08077975c87defaf613e3"
    },
    "sellerId": {
      "$oid": "674a03d139f1f85510c3d6bd"
    },
    "sellerInfo": {
      "name": "Tech Gadgets Central",
      "slug": "tech-gadgets-central",
      "rating": 4.5,
      "verificationStatus": "verified"
    },
    "title": "Adidas Ultraboost 23 Running Shoes",
    "slug": "adidas-ultraboost-23-running-shoes",
    "description": "High-quality Adidas Ultraboost 23 Running Shoes from Adidas. Premium product with excellent features and performance.",
    "shortDescription": "Adidas Adidas Ultraboost 23 Running S",
    "category": {
      "$oid": "674a03d139f1f85510c3d7b1"
    },
    "categoryPath": [
      {
        "$oid": "674a03d139f1f85510c3d7ae"
      },
      {
        "$oid": "674a03d139f1f85510c3d7b1"
      }
    ],
    "categoryNames": [
      "Fashion"
    ],
    "tags": [
      "adidas",
      "shoes"
    ],
    "brand": "Adidas",
    "manufacturer": "Adidas",
    "sku": "ADIDAS-ULTRABOOST-23-32",
    "pricing": {
      "basePrice": 190.0,
      "currency": "USD",
      "taxable": true
    },
    "inventory": {
      "stockQuantity": 81,
      "reservedQuantity": 2,
      "availableQuantity": 81,
      "lowStockThreshold": 10,
      "trackInventory": true
    },
    "hasVariants": false,
    "images": [
      {
        "url": "https://images.unsplash.com/photo-1519286910816",
        "alt": "Adidas Ultraboost 23 Running Shoes",
        "position": 1,
        "isMain": true
      }
    ],
    "primaryImage": "https://images.unsplash.com/photo-1658289396429",
    "physical": {
      "weight": 3.46,
      "weightUnit": "kg",
      "dimensions": {
        "length": 48.1,
        "width": 15.0,
        "height": 7.5,
        "unit": "cm"
      }
    },
    "shipping": {
      "requiresShipping": true,
      "isFreeShipping": true,
      "shippingClass": "standard"
    },
    "status": "active",
    "publishedAt": {
      "$date": "2025-01-23T11:47:03.351081"
    },
    "moderation": {
      "status": "approved"
    },
    "condition": "new",
    "warranty": {
      "hasWarranty": true,
      "duration": 12,
      "type": "manufacturer"
    },
    "analytics": {
      "views": 1592,
      "uniqueViews": 1114,
      "addedToCart": 9,
      "purchased": 6,
      "averageRating": 4.9,
      "totalReviews": 23,
      "rating5Star": 13,
      "rating4Star": 6,
      "rating3Star": 2,
      "totalSold": 6,
      "totalRevenue": 1140.0
    },
    "isFeatured": false,
    "isBestseller": false,
    "isOnSale": false,
    "productType": "physical",
    "visibility": "public",
    "schemaVersion": 1,
    "createdAt": {
      "$date": "2025-01-23T11:47:03.351081"
    },
    "updatedAt": {
      "$date": "2025-12-07T11:47:03.351081"
    }
  },
  {
    "_id": {
      "$oid": "dfe73698c1b15e3702e79382"
    },
    "sellerId": {
      "$oid": "674a03d139f1f85510c3d6ba"
    },
    "sellerInfo": {
      "name": "TM Electronics Hub",
      "slug": "tm-electronics-hub",
      "rating": 4.6,
      "verificationStatus": "verified"
    },
    "title": "New Balance 990v6 Made in USA",
    "slug": "new-balance-990v6-made-in-usa",
    "description": "High-quality New Balance 990v6 Made in USA from New Balance. Premium product with excellent features and performance.",
    "shortDescription": "New Balance New Balance 990v6 Made in USA",
    "category": {
      "$oid": "674a03d139f1f85510c3d7b1"
    },
    "categoryPath": [
      {
        "$oid": "674a03d139f1f85510c3d7ae"
      },
      {
        "$oid": "674a03d139f1f85510c3d7b1"
      }
    ],
    "categoryNames": [
      "Fashion"
    ],
    "tags": [
      "new balance",
      "shoes"
    ],
    "brand": "New Balance",
    "manufacturer": "New Balance",
    "sku": "NEW-BALANCE-990V6-MA-33",
    "pricing": {
      "basePrice": 185.0,
      "currency": "USD",
      "taxable": true
    },
    "inventory": {
      "stockQuantity": 5,
      "reservedQuantity": 1,
      "availableQuantity": 5,
      "lowStockThreshold": 10,
      "trackInventory": true
    },
    "hasVariants": false,
    "images": [
      {
        "url": "https://images.unsplash.com/photo-1578053621949",
        "alt": "New Balance 990v6 Made in USA",
        "position": 1,
        "isMain": true
      }
    ],
    "primaryImage": "https://images.unsplash.com/photo-1606488816851",
    "physical": {
      "weight": 0.53,
      "weightUnit": "kg",
      "dimensions": {
        "length": 33.6,
        "width": 15.5,
        "height": 16.9,
        "unit": "cm"
      }
    },
    "shipping": {
      "requiresShipping": true,
      "isFreeShipping": true,
      "shippingClass": "standard"
    },
    "status": "active",
    "publishedAt": {
      "$date": "2024-12-30T11:47:03.351081"
    },
    "moderation": {
      "status": "approved"
    },
    "condition": "new",
    "warranty": {
      "hasWarranty": true,
      "duration": 12,
      "type": "manufacturer"
    },
    "analytics": {
      "views": 1439,
      "uniqueViews": 1007,
      "addedToCart": 7,
      "purchased": 5,
      "averageRating": 4.7,
      "totalReviews": 8,
      "rating5Star": 4,
      "rating4Star": 2,
      "rating3Star": 0,
      "totalSold": 5,
      "totalRevenue": 925.0
    },
    "isFeatured": true,
    "isBestseller": false,
    "isOnSale": false,
    "productType": "physical",
    "visibility": "public",
    "schemaVersion": 1,
    "createdAt": {
      "$date": "2024-12-30T11:47:03.351081"
    },
    "updatedAt": {
      "$date": "2025-12-07T11:47:03.352079"
    }
  },
  {
    "_id": {
      "$oid": "3e8f3f9ba34494b06d378045"
    },
    "sellerId": {
      "$oid": "674a03d139f1f85510c3d6bd"
    },
    "sellerInfo": {
      "name": "Tech Gadgets Central",
      "slug": "tech-gadgets-central",
      "rating": 4.5,
      "verificationStatus": "verified"
    },
    "title": "Vans Old Skool Classic Skateboard Shoes",
    "slug": "vans-old-skool-classic-skateboard-shoes",
    "description": "High-quality Vans Old Skool Classic Skateboard Shoes from Vans. Premium product with excellent features and performance.",
    "shortDescription": "Vans Vans Old Skool Classic Skatebo",
    "category": {
      "$oid": "674a03d139f1f85510c3d7b1"
    },
    "categoryPath": [
      {
        "$oid": "674a03d139f1f85510c3d7ae"
      },
      {
        "$oid": "674a03d139f1f85510c3d7b1"
      }
    ],
    "categoryNames": [
      "Fashion"
    ],
    "tags": [
      "vans",
      "shoes"
    ],
    "brand": "Vans",
    "manufacturer": "Vans",
    "sku": "VANS-OLD-SKOOL-CLASS-34",
    "pricing": {
      "basePrice": 65.0,
      "currency": "USD",
      "taxable": true
    },
    "inventory": {
      "stockQuantity": 10,
      "reservedQuantity": 0,
      "availableQuantity": 7,
      "lowStockThreshold": 10,
      "trackInventory": true
    },
    "hasVariants": false,
    "images": [
      {
        "url": "https://images.unsplash.com/photo-1553118035468",
        "alt": "Vans Old Skool Classic Skateboard Shoes",
        "position": 1,
        "isMain": true
      }
    ],
    "primaryImage": "https://images.unsplash.com/photo-1699467216562",
    "physical": {
      "weight": 4.02,
      "weightUnit": "kg",
      "dimensions": {
        "length": 34.7,
        "width": 17.5,
        "height": 4.9,
        "unit": "cm"
      }
    },
    "shipping": {
      "requiresShipping": true,
      "isFreeShipping": true,
      "shippingClass": "standard"
    },
    "status": "active",
    "publishedAt": {
      "$date": "2025-10-24T11:47:03.352079"
    },
    "moderation": {
      "status": "approved"
    },
    "condition": "new",
    "warranty": {
      "hasWarranty": true,
      "duration": 12,
      "type": "manufacturer"
    },
    "analytics": {
      "views": 620,
      "uniqueViews": 434,
      "addedToCart": 6,
      "purchased": 4,
      "averageRating": 4.8,
      "totalReviews": 16,
      "rating5Star": 9,
      "rating4Star": 4,
      "rating3Star": 1,
      "totalSold": 4,
      "totalRevenue": 260.0
    },
    "isFeatured": false,
    "isBestseller": false,
    "isOnSale": false,
    "productType": "physical",
    "visibility": "public",
    "schemaVersion": 1,
    "createdAt": {
      "$date": "2025-10-24T11:47:03.352079"
    },
    "updatedAt": {
      "$date": "2025-12-07T11:47:03.352079"
    }
  },
  {
    "_id": {
      "$oid": "b4a3e03661c883dc18a3990a"
    },
    "sellerId": {
      "$oid": "674a03d139f1f85510c3d6ba"
    },
    "sellerInfo": {
      "name": "TM Electronics Hub",
      "slug": "tm-electronics-hub",
      "rating": 4.6,
      "verificationStatus": "verified"
    },
    "title": "Converse Chuck Taylor All Star High Top",
    "slug": "converse-chuck-taylor-all-star-high-top",
    "description": "High-quality Converse Chuck Taylor All Star High Top from Converse. Premium product with excellent features and performance.",
    "shortDescription": "Converse Converse Chuck Taylor All Star",
    "category": {
      "$oid": "674a03d139f1f85510c3d7b1"
    },
    "categoryPath": [
      {
        "$oid": "674a03d139f1f85510c3d7ae"
      },
      {
        "$oid": "674a03d139f1f85510c3d7b1"
      }
    ],
    "categoryNames": [
      "Fashion"
    ],
    "tags": [
      "converse",
      "shoes"
    ],
    "brand": "Converse",
    "manufacturer": "Converse",
    "sku": "CONVERSE-CHUCK-TAYLO-35",
    "pricing": {
      "basePrice": 60.0,
      "salePrice": 51.0,
      "currency": "USD",
      "taxable": true
    },
    "inventory": {
      "stockQuantity": 58,
      "reservedQuantity": 1,
      "availableQuantity": 55,
      "lowStockThreshold": 10,
      "trackInventory": true
    },
    "hasVariants": false,
    "images": [
      {
        "url": "https://images.unsplash.com/photo-1613948575959",
        "alt": "Converse Chuck Taylor All Star High Top",
        "position": 1,
        "isMain": true
      }
    ],
    "primaryImage": "https://images.unsplash.com/photo-1608228006941",
    "physical": {
      "weight": 3.41,
      "weightUnit": "kg",
      "dimensions": {
        "length": 48.0,
        "width": 17.3,
        "height": 6.2,
        "unit": "cm"
      }
    },
    "shipping": {
      "requiresShipping": true,
      "isFreeShipping": true,
      "shippingClass": "standard"
    },
    "status": "active",
    "publishedAt": {
      "$date": "2025-09-02T11:47:03.352079"
    },
    "moderation": {
      "status": "approved"
    },
    "condition": "new",
    "warranty": {
      "hasWarranty": true,
      "duration": 12,
      "type": "manufacturer"
    },
    "analytics": {
      "views": 1259,
      "uniqueViews": 881,
      "addedToCart": 4,
      "purchased": 3,
      "averageRating": 4.4,
      "totalReviews": 30,
      "rating5Star": 18,
      "rating4Star": 9,
      "rating3Star": 3,
      "totalSold": 3,
      "totalRevenue": 153.0
    },
    "isFeatured": true,
    "isBestseller": false,
    "isOnSale": true,
    "productType": "physical",
    "visibility": "public",
    "schemaVersion": 1,
    "createdAt": {
      "$date": "2025-09-02T11:47:03.352079"
    },
    "updatedAt": {
      "$date": "2025-12-07T11:47:03.352079"
    },
    "discount": {
      "isActive": true,
      "type": "percentage",
      "value": 15,
      "startDate": {
        "$date": "2025-11-01T00:00:00.000Z"
      },
      "endDate": {
        "$date": "2025-12-31T23:59:59.000Z"
      }
    }
  },
  {
    "_id": {
      "$oid": "f618437148418ff1dab3ad65"
    },
    "sellerId": {
      "$oid": "674a03d139f1f85510c3d6bd"
    },
    "sellerInfo": {
      "name": "Tech Gadgets Central",
      "slug": "tech-gadgets-central",
      "rating": 4.5,
      "verificationStatus": "verified"
    },
    "title": "Levi's 501 Original Fit Jeans - Men's",
    "slug": "levis-501-original-fit-jeans---mens",
    "description": "High-quality Levi's 501 Original Fit Jeans - Men's from Levi's. Premium product with excellent features and performance.",
    "shortDescription": "Levi's Levi's 501 Original Fit Jeans ",
    "category": {
      "$oid": "674a03d139f1f85510c3d7af"
    },
    "categoryPath": [
      {
        "$oid": "674a03d139f1f85510c3d7ae"
      },
      {
        "$oid": "674a03d139f1f85510c3d7af"
      }
    ],
    "categoryNames": [
      "Fashion"
    ],
    "tags": [
      "levi's",
      "mens-clothing"
    ],
    "brand": "Levi's",
    "manufacturer": "Levi's",
    "sku": "LEVIS-501-ORIGINAL--36",
    "pricing": {
      "basePrice": 69.99,
      "salePrice": 59.49,
      "currency": "USD",
      "taxable": true
    },
    "inventory": {
      "stockQuantity": 29,
      "reservedQuantity": 0,
      "availableQuantity": 28,
      "lowStockThreshold": 10,
      "trackInventory": true
    },
    "hasVariants": false,
    "images": [
      {
        "url": "https://images.unsplash.com/photo-1695014653763",
        "alt": "Levi's 501 Original Fit Jeans - Men's",
        "position": 1,
        "isMain": true
      }
    ],
    "primaryImage": "https://images.unsplash.com/photo-1646806754350",
    "physical": {
      "weight": 0.88,
      "weightUnit": "kg",
      "dimensions": {
        "length": 36.4,
        "width": 34.7,
        "height": 12.2,
        "unit": "cm"
      }
    },
    "shipping": {
      "requiresShipping": true,
      "isFreeShipping": true,
      "shippingClass": "standard"
    },
    "status": "active",
    "publishedAt": {
      "$date": "2025-09-20T11:47:03.352079"
    },
    "moderation": {
      "status": "approved"
    },
    "condition": "new",
    "warranty": {
      "hasWarranty": true,
      "duration": 12,
      "type": "manufacturer"
    },
    "analytics": {
      "views": 710,
      "uniqueViews": 496,
      "addedToCart": 27,
      "purchased": 18,
      "averageRating": 4.7,
      "totalReviews": 26,
      "rating5Star": 15,
      "rating4Star": 7,
      "rating3Star": 2,
      "totalSold": 18,
      "totalRevenue": 1070.82
    },
    "isFeatured": false,
    "isBestseller": false,
    "isOnSale": true,
    "productType": "physical",
    "visibility": "public",
    "schemaVersion": 1,
    "createdAt": {
      "$date": "2025-09-20T11:47:03.352079"
    },
    "updatedAt": {
      "$date": "2025-12-07T11:47:03.352079"
    },
    "discount": {
      "isActive": true,
      "type": "percentage",
      "value": 15,
      "startDate": {
        "$date": "2025-11-01T00:00:00.000Z"
      },
      "endDate": {
        "$date": "2025-12-31T23:59:59.000Z"
      }
    }
  },
  {
    "_id": {
      "$oid": "e635ec15b11b858c02c6e2b8"
    },
    "sellerId": {
      "$oid": "674a03d139f1f85510c3d6ba"
    },
    "sellerInfo": {
      "name": "TM Electronics Hub",
      "slug": "tm-electronics-hub",
      "rating": 4.6,
      "verificationStatus": "verified"
    },
    "title": "Carhartt K87 Workwear Pocket T-Shirt",
    "slug": "carhartt-k87-workwear-pocket-t-shirt",
    "description": "High-quality Carhartt K87 Workwear Pocket T-Shirt from Carhartt. Premium product with excellent features and performance.",
    "shortDescription": "Carhartt Carhartt K87 Workwear Pocket T",
    "category": {
      "$oid": "674a03d139f1f85510c3d7af"
    },
    "categoryPath": [
      {
        "$oid": "674a03d139f1f85510c3d7ae"
      },
      {
        "$oid": "674a03d139f1f85510c3d7af"
      }
    ],
    "categoryNames": [
      "Fashion"
    ],
    "tags": [
      "carhartt",
      "mens-clothing"
    ],
    "brand": "Carhartt",
    "manufacturer": "Carhartt",
    "sku": "CARHARTT-K87-WORKWEA-37",
    "pricing": {
      "basePrice": 19.99,
      "currency": "USD",
      "taxable": true
    },
    "inventory": {
      "stockQuantity": 61,
      "reservedQuantity": 1,
      "availableQuantity": 58,
      "lowStockThreshold": 10,
      "trackInventory": true
    },
    "hasVariants": false,
    "images": [
      {
        "url": "https://images.unsplash.com/photo-1609833385223",
        "alt": "Carhartt K87 Workwear Pocket T-Shirt",
        "position": 1,
        "isMain": true
      }
    ],
    "primaryImage": "https://images.unsplash.com/photo-1649703119525",
    "physical": {
      "weight": 3.13,
      "weightUnit": "kg",
      "dimensions": {
        "length": 36.1,
        "width": 30.8,
        "height": 17.3,
        "unit": "cm"
      }
    },
    "shipping": {
      "requiresShipping": true,
      "isFreeShipping": false,
      "shippingClass": "standard"
    },
    "status": "active",
    "publishedAt": {
      "$date": "2025-03-28T11:47:03.352079"
    },
    "moderation": {
      "status": "approved"
    },
    "condition": "new",
    "warranty": {
      "hasWarranty": true,
      "duration": 12,
      "type": "manufacturer"
    },
    "analytics": {
      "views": 1181,
      "uniqueViews": 826,
      "addedToCart": 64,
      "purchased": 43,
      "averageRating": 4.0,
      "totalReviews": 21,
      "rating5Star": 12,
      "rating4Star": 6,
      "rating3Star": 2,
      "totalSold": 43,
      "totalRevenue": 859.57
    },
    "isFeatured": true,
    "isBestseller": true,
    "isOnSale": false,
    "productType": "physical",
    "visibility": "public",
    "schemaVersion": 1,
    "createdAt": {
      "$date": "2025-03-28T11:47:03.352079"
    },
    "updatedAt": {
      "$date": "2025-12-07T11:47:03.352079"
    }
  },
  {
    "_id": {
      "$oid": "47f0c68e05f90c9292f50d1a"
    },
    "sellerId": {
      "$oid": "674a03d139f1f85510c3d6bd"
    },
    "sellerInfo": {
      "name": "Tech Gadgets Central",
      "slug": "tech-gadgets-central",
      "rating": 4.5,
      "verificationStatus": "verified"
    },
    "title": "Champion Reverse Weave Hoodie",
    "slug": "champion-reverse-weave-hoodie",
    "description": "High-quality Champion Reverse Weave Hoodie from Champion. Premium product with excellent features and performance.",
    "shortDescription": "Champion Champion Reverse Weave Hoodie",
    "category": {
      "$oid": "674a03d139f1f85510c3d7af"
    },
    "categoryPath": [
      {
        "$oid": "674a03d139f1f85510c3d7ae"
      },
      {
        "$oid": "674a03d139f1f85510c3d7af"
      }
    ],
    "categoryNames": [
      "Fashion"
    ],
    "tags": [
      "champion",
      "mens-clothing"
    ],
    "brand": "Champion",
    "manufacturer": "Champion",
    "sku": "CHAMPION-REVERSE-WEA-38",
    "pricing": {
      "basePrice": 65.0,
      "currency": "USD",
      "taxable": true
    },
    "inventory": {
      "stockQuantity": 16,
      "reservedQuantity": 3,
      "availableQuantity": 16,
      "lowStockThreshold": 10,
      "trackInventory": true
    },
    "hasVariants": false,
    "images": [
      {
        "url": "https://images.unsplash.com/photo-1557169419526",
        "alt": "Champion Reverse Weave Hoodie",
        "position": 1,
        "isMain": true
      }
    ],
    "primaryImage": "https://images.unsplash.com/photo-1614167677892",
    "physical": {
      "weight": 4.3,
      "weightUnit": "kg",
      "dimensions": {
        "length": 11.4,
        "width": 11.5,
        "height": 5.4,
        "unit": "cm"
      }
    },
    "shipping": {
      "requiresShipping": true,
      "isFreeShipping": true,
      "shippingClass": "standard"
    },
    "status": "active",
    "publishedAt": {
      "$date": "2025-04-24T11:47:03.352079"
    },
    "moderation": {
      "status": "approved"
    },
    "condition": "new",
    "warranty": {
      "hasWarranty": true,
      "duration": 12,
      "type": "manufacturer"
    },
    "analytics": {
      "views": 1949,
      "uniqueViews": 1364,
      "addedToCart": 21,
      "purchased": 14,
      "averageRating": 4.3,
      "totalReviews": 22,
      "rating5Star": 13,
      "rating4Star": 6,
      "rating3Star": 2,
      "totalSold": 14,
      "totalRevenue": 910.0
    },
    "isFeatured": false,
    "isBestseller": false,
    "isOnSale": false,
    "productType": "physical",
    "visibility": "public",
    "schemaVersion": 1,
    "createdAt": {
      "$date": "2025-04-24T11:47:03.352079"
    },
    "updatedAt": {
      "$date": "2025-12-07T11:47:03.352079"
    }
  },
  {
    "_id": {
      "$oid": "73166f2122ebb8cc5d3dc8a0"
    },
    "sellerId": {
      "$oid": "674a03d139f1f85510c3d6ba"
    },
    "sellerInfo": {
      "name": "TM Electronics Hub",
      "slug": "tm-electronics-hub",
      "rating": 4.6,
      "verificationStatus": "verified"
    },
    "title": "Patagonia Better Sweater Fleece Jacket",
    "slug": "patagonia-better-sweater-fleece-jacket",
    "description": "High-quality Patagonia Better Sweater Fleece Jacket from Patagonia. Premium product with excellent features and performance.",
    "shortDescription": "Patagonia Patagonia Better Sweater Fleec",
    "category": {
      "$oid": "674a03d139f1f85510c3d7af"
    },
    "categoryPath": [
      {
        "$oid": "674a03d139f1f85510c3d7ae"
      },
      {
        "$oid": "674a03d139f1f85510c3d7af"
      }
    ],
    "categoryNames": [
      "Fashion"
    ],
    "tags": [
      "patagonia",
      "mens-clothing"
    ],
    "brand": "Patagonia",
    "manufacturer": "Patagonia",
    "sku": "PATAGONIA-BETTER-SWE-39",
    "pricing": {
      "basePrice": 139.0,
      "currency": "USD",
      "taxable": true
    },
    "inventory": {
      "stockQuantity": 35,
      "reservedQuantity": 1,
      "availableQuantity": 35,
      "lowStockThreshold": 10,
      "trackInventory": true
    },
    "hasVariants": false,
    "images": [
      {
        "url": "https://images.unsplash.com/photo-1552710671434",
        "alt": "Patagonia Better Sweater Fleece Jacket",
        "position": 1,
        "isMain": true
      }
    ],
    "primaryImage": "https://images.unsplash.com/photo-1666562525819",
    "physical": {
      "weight": 0.23,
      "weightUnit": "kg",
      "dimensions": {
        "length": 13.7,
        "width": 21.2,
        "height": 5.0,
        "unit": "cm"
      }
    },
    "shipping": {
      "requiresShipping": true,
      "isFreeShipping": true,
      "shippingClass": "standard"
    },
    "status": "active",
    "publishedAt": {
      "$date": "2025-09-16T11:47:03.352079"
    },
    "moderation": {
      "status": "approved"
    },
    "condition": "new",
    "warranty": {
      "hasWarranty": true,
      "duration": 12,
      "type": "manufacturer"
    },
    "analytics": {
      "views": 1756,
      "uniqueViews": 1229,
      "addedToCart": 10,
      "purchased": 7,
      "averageRating": 4.7,
      "totalReviews": 11,
      "rating5Star": 6,
      "rating4Star": 3,
      "rating3Star": 1,
      "totalSold": 7,
      "totalRevenue": 973.0
    },
    "isFeatured": false,
    "isBestseller": false,
    "isOnSale": false,
    "productType": "physical",
    "visibility": "public",
    "schemaVersion": 1,
    "createdAt": {
      "$date": "2025-09-16T11:47:03.352079"
    },
    "updatedAt": {
      "$date": "2025-12-07T11:47:03.352079"
    }
  },
  {
    "_id": {
      "$oid": "99ff482b96ef8a16209f5339"
    },
    "sellerId": {
      "$oid": "674a03d139f1f85510c3d6bd"
    },
    "sellerInfo": {
      "name": "Tech Gadgets Central",
      "slug": "tech-gadgets-central",
      "rating": 4.5,
      "verificationStatus": "verified"
    },
    "title": "The North Face Denali Fleece Jacket",
    "slug": "the-north-face-denali-fleece-jacket",
    "description": "High-quality The North Face Denali Fleece Jacket from The North Face. Premium product with excellent features and performance.",
    "shortDescription": "The North Face The North Face Denali Fleece J",
    "category": {
      "$oid": "674a03d139f1f85510c3d7af"
    },
    "categoryPath": [
      {
        "$oid": "674a03d139f1f85510c3d7ae"
      },
      {
        "$oid": "674a03d139f1f85510c3d7af"
      }
    ],
    "categoryNames": [
      "Fashion"
    ],
    "tags": [
      "the north face",
      "mens-clothing"
    ],
    "brand": "The North Face",
    "manufacturer": "The North Face",
    "sku": "THE-NORTH-FACE-DENAL-40",
    "pricing": {
      "basePrice": 179.0,
      "currency": "USD",
      "taxable": true
    },
    "inventory": {
      "stockQuantity": 85,
      "reservedQuantity": 2,
      "availableQuantity": 85,
      "lowStockThreshold": 10,
      "trackInventory": true
    },
    "hasVariants": false,
    "images": [
      {
        "url": "https://images.unsplash.com/photo-1625090413521",
        "alt": "The North Face Denali Fleece Jacket",
        "position": 1,
        "isMain": true
      }
    ],
    "primaryImage": "https://images.unsplash.com/photo-1597644296642",
    "physical": {
      "weight": 3.05,
      "weightUnit": "kg",
      "dimensions": {
        "length": 23.5,
        "width": 33.8,
        "height": 10.2,
        "unit": "cm"
      }
    },
    "shipping": {
      "requiresShipping": true,
      "isFreeShipping": true,
      "shippingClass": "standard"
    },
    "status": "active",
    "publishedAt": {
      "$date": "2025-08-22T11:47:03.352079"
    },
    "moderation": {
      "status": "approved"
    },
    "condition": "new",
    "warranty": {
      "hasWarranty": true,
      "duration": 12,
      "type": "manufacturer"
    },
    "analytics": {
      "views": 896,
      "uniqueViews": 627,
      "addedToCart": 36,
      "purchased": 24,
      "averageRating": 4.3,
      "totalReviews": 10,
      "rating5Star": 6,
      "rating4Star": 3,
      "rating3Star": 1,
      "totalSold": 24,
      "totalRevenue": 4296.0
    },
    "isFeatured": false,
    "isBestseller": true,
    "isOnSale": false,
    "productType": "physical",
    "visibility": "public",
    "schemaVersion": 1,
    "createdAt": {
      "$date": "2025-08-22T11:47:03.352079"
    },
    "updatedAt": {
      "$date": "2025-12-07T11:47:03.352079"
    }
  },
  {
    "_id": {
      "$oid": "5c4880e12ded3fe65d673152"
    },
    "sellerId": {
      "$oid": "674a03d139f1f85510c3d6ba"
    },
    "sellerInfo": {
      "name": "TM Electronics Hub",
      "slug": "tm-electronics-hub",
      "rating": 4.6,
      "verificationStatus": "verified"
    },
    "title": "Uniqlo Ultra Light Down Jacket",
    "slug": "uniqlo-ultra-light-down-jacket",
    "description": "High-quality Uniqlo Ultra Light Down Jacket from Uniqlo. Premium product with excellent features and performance.",
    "shortDescription": "Uniqlo Uniqlo Ultra Light Down Jacket",
    "category": {
      "$oid": "674a03d139f1f85510c3d7af"
    },
    "categoryPath": [
      {
        "$oid": "674a03d139f1f85510c3d7ae"
      },
      {
        "$oid": "674a03d139f1f85510c3d7af"
      }
    ],
    "categoryNames": [
      "Fashion"
    ],
    "tags": [
      "uniqlo",
      "mens-clothing"
    ],
    "brand": "Uniqlo",
    "manufacturer": "Uniqlo",
    "sku": "UNIQLO-ULTRA-LIGHT-D-41",
    "pricing": {
      "basePrice": 69.9,
      "salePrice": 59.42,
      "currency": "USD",
      "taxable": true
    },
    "inventory": {
      "stockQuantity": 98,
      "reservedQuantity": 0,
      "availableQuantity": 96,
      "lowStockThreshold": 10,
      "trackInventory": true
    },
    "hasVariants": false,
    "images": [
      {
        "url": "https://images.unsplash.com/photo-1574754742238",
        "alt": "Uniqlo Ultra Light Down Jacket",
        "position": 1,
        "isMain": true
      }
    ],
    "primaryImage": "https://images.unsplash.com/photo-1661285281033",
    "physical": {
      "weight": 2.4,
      "weightUnit": "kg",
      "dimensions": {
        "length": 27.8,
        "width": 28.9,
        "height": 19.7,
        "unit": "cm"
      }
    },
    "shipping": {
      "requiresShipping": true,
      "isFreeShipping": true,
      "shippingClass": "standard"
    },
    "status": "active",
    "publishedAt": {
      "$date": "2025-10-06T11:47:03.352079"
    },
    "moderation": {
      "status": "approved"
    },
    "condition": "new",
    "warranty": {
      "hasWarranty": true,
      "duration": 12,
      "type": "manufacturer"
    },
    "analytics": {
      "views": 1750,
      "uniqueViews": 1225,
      "addedToCart": 24,
      "purchased": 16,
      "averageRating": 4.6,
      "totalReviews": 25,
      "rating5Star": 15,
      "rating4Star": 7,
      "rating3Star": 2,
      "totalSold": 16,
      "totalRevenue": 950.72
    },
    "isFeatured": false,
    "isBestseller": false,
    "isOnSale": true,
    "productType": "physical",
    "visibility": "public",
    "schemaVersion": 1,
    "createdAt": {
      "$date": "2025-10-06T11:47:03.352079"
    },
    "updatedAt": {
      "$date": "2025-12-07T11:47:03.352079"
    },
    "discount": {
      "isActive": true,
      "type": "percentage",
      "value": 15,
      "startDate": {
        "$date": "2025-11-01T00:00:00.000Z"
      },
      "endDate": {
        "$date": "2025-12-31T23:59:59.000Z"
      }
    }
  },
  {
    "_id": {
      "$oid": "86963064104940ee2a665ffb"
    },
    "sellerId": {
      "$oid": "674a03d139f1f85510c3d6bd"
    },
    "sellerInfo": {
      "name": "Tech Gadgets Central",
      "slug": "tech-gadgets-central",
      "rating": 4.5,
      "verificationStatus": "verified"
    },
    "title": "H&M Slim Fit Cotton Chinos",
    "slug": "h&m-slim-fit-cotton-chinos",
    "description": "High-quality H&M Slim Fit Cotton Chinos from H&M. Premium product with excellent features and performance.",
    "shortDescription": "H&M H&M Slim Fit Cotton Chinos",
    "category": {
      "$oid": "674a03d139f1f85510c3d7af"
    },
    "categoryPath": [
      {
        "$oid": "674a03d139f1f85510c3d7ae"
      },
      {
        "$oid": "674a03d139f1f85510c3d7af"
      }
    ],
    "categoryNames": [
      "Fashion"
    ],
    "tags": [
      "h&m",
      "mens-clothing"
    ],
    "brand": "H&M",
    "manufacturer": "H&M",
    "sku": "H&M-SLIM-FIT-COTTON--42",
    "pricing": {
      "basePrice": 29.99,
      "currency": "USD",
      "taxable": true
    },
    "inventory": {
      "stockQuantity": 37,
      "reservedQuantity": 2,
      "availableQuantity": 35,
      "lowStockThreshold": 10,
      "trackInventory": true
    },
    "hasVariants": false,
    "images": [
      {
        "url": "https://images.unsplash.com/photo-1593504715732",
        "alt": "H&M Slim Fit Cotton Chinos",
        "position": 1,
        "isMain": true
      }
    ],
    "primaryImage": "https://images.unsplash.com/photo-1616809432559",
    "physical": {
      "weight": 2.55,
      "weightUnit": "kg",
      "dimensions": {
        "length": 31.8,
        "width": 24.4,
        "height": 5.3,
        "unit": "cm"
      }
    },
    "shipping": {
      "requiresShipping": true,
      "isFreeShipping": false,
      "shippingClass": "standard"
    },
    "status": "active",
    "publishedAt": {
      "$date": "2025-01-04T11:47:03.352079"
    },
    "moderation": {
      "status": "approved"
    },
    "condition": "new",
    "warranty": {
      "hasWarranty": true,
      "duration": 12,
      "type": "manufacturer"
    },
    "analytics": {
      "views": 1615,
      "uniqueViews": 1130,
      "addedToCart": 52,
      "purchased": 35,
      "averageRating": 4.1,
      "totalReviews": 11,
      "rating5Star": 6,
      "rating4Star": 3,
      "rating3Star": 1,
      "totalSold": 35,
      "totalRevenue": 1049.65
    },
    "isFeatured": true,
    "isBestseller": true,
    "isOnSale": false,
    "productType": "physical",
    "visibility": "public",
    "schemaVersion": 1,
    "createdAt": {
      "$date": "2025-01-04T11:47:03.352079"
    },
    "updatedAt": {
      "$date": "2025-12-07T11:47:03.352079"
    }
  },
  {
    "_id": {
      "$oid": "f7b909272f8a7160782f589d"
    },
    "sellerId": {
      "$oid": "674a03d139f1f85510c3d6ba"
    },
    "sellerInfo": {
      "name": "TM Electronics Hub",
      "slug": "tm-electronics-hub",
      "rating": 4.6,
      "verificationStatus": "verified"
    },
    "title": "Gap Vintage Soft Crewneck T-Shirt",
    "slug": "gap-vintage-soft-crewneck-t-shirt",
    "description": "High-quality Gap Vintage Soft Crewneck T-Shirt from Gap. Premium product with excellent features and performance.",
    "shortDescription": "Gap Gap Vintage Soft Crewneck T-Sh",
    "category": {
      "$oid": "674a03d139f1f85510c3d7af"
    },
    "categoryPath": [
      {
        "$oid": "674a03d139f1f85510c3d7ae"
      },
      {
        "$oid": "674a03d139f1f85510c3d7af"
      }
    ],
    "categoryNames": [
      "Fashion"
    ],
    "tags": [
      "gap",
      "mens-clothing"
    ],
    "brand": "Gap",
    "manufacturer": "Gap",
    "sku": "GAP-VINTAGE-SOFT-CRE-43",
    "pricing": {
      "basePrice": 24.95,
      "currency": "USD",
      "taxable": true
    },
    "inventory": {
      "stockQuantity": 83,
      "reservedQuantity": 3,
      "availableQuantity": 81,
      "lowStockThreshold": 10,
      "trackInventory": true
    },
    "hasVariants": false,
    "images": [
      {
        "url": "https://images.unsplash.com/photo-1638055302978",
        "alt": "Gap Vintage Soft Crewneck T-Shirt",
        "position": 1,
        "isMain": true
      }
    ],
    "primaryImage": "https://images.unsplash.com/photo-1530627900112",
    "physical": {
      "weight": 1.46,
      "weightUnit": "kg",
      "dimensions": {
        "length": 44.1,
        "width": 22.3,
        "height": 8.4,
        "unit": "cm"
      }
    },
    "shipping": {
      "requiresShipping": true,
      "isFreeShipping": false,
      "shippingClass": "standard"
    },
    "status": "active",
    "publishedAt": {
      "$date": "2025-02-25T11:47:03.352079"
    },
    "moderation": {
      "status": "approved"
    },
    "condition": "new",
    "warranty": {
      "hasWarranty": true,
      "duration": 12,
      "type": "manufacturer"
    },
    "analytics": {
      "views": 1980,
      "uniqueViews": 1386,
      "addedToCart": 13,
      "purchased": 9,
      "averageRating": 4.2,
      "totalReviews": 7,
      "rating5Star": 4,
      "rating4Star": 2,
      "rating3Star": 0,
      "totalSold": 9,
      "totalRevenue": 224.55
    },
    "isFeatured": true,
    "isBestseller": false,
    "isOnSale": false,
    "productType": "physical",
    "visibility": "public",
    "schemaVersion": 1,
    "createdAt": {
      "$date": "2025-02-25T11:47:03.352079"
    },
    "updatedAt": {
      "$date": "2025-12-07T11:47:03.353081"
    }
  },
  {
    "_id": {
      "$oid": "59c658f17d9a984f2921bc7f"
    },
    "sellerId": {
      "$oid": "674a03d139f1f85510c3d6bd"
    },
    "sellerInfo": {
      "name": "Tech Gadgets Central",
      "slug": "tech-gadgets-central",
      "rating": 4.5,
      "verificationStatus": "verified"
    },
    "title": "Zara Textured Knit Sweater",
    "slug": "zara-textured-knit-sweater",
    "description": "High-quality Zara Textured Knit Sweater from Zara. Premium product with excellent features and performance.",
    "shortDescription": "Zara Zara Textured Knit Sweater",
    "category": {
      "$oid": "674a03d139f1f85510c3d7b0"
    },
    "categoryPath": [
      {
        "$oid": "674a03d139f1f85510c3d7ae"
      },
      {
        "$oid": "674a03d139f1f85510c3d7b0"
      }
    ],
    "categoryNames": [
      "Fashion"
    ],
    "tags": [
      "zara",
      "womens-clothing"
    ],
    "brand": "Zara",
    "manufacturer": "Zara",
    "sku": "ZARA-TEXTURED-KNIT-S-44",
    "pricing": {
      "basePrice": 49.9,
      "currency": "USD",
      "taxable": true
    },
    "inventory": {
      "stockQuantity": 19,
      "reservedQuantity": 2,
      "availableQuantity": 16,
      "lowStockThreshold": 10,
      "trackInventory": true
    },
    "hasVariants": false,
    "images": [
      {
        "url": "https://images.unsplash.com/photo-1542175945441",
        "alt": "Zara Textured Knit Sweater",
        "position": 1,
        "isMain": true
      }
    ],
    "primaryImage": "https://images.unsplash.com/photo-1587155337728",
    "physical": {
      "weight": 1.35,
      "weightUnit": "kg",
      "dimensions": {
        "length": 48.4,
        "width": 28.6,
        "height": 12.5,
        "unit": "cm"
      }
    },
    "shipping": {
      "requiresShipping": true,
      "isFreeShipping": false,
      "shippingClass": "standard"
    },
    "status": "active",
    "publishedAt": {
      "$date": "2025-01-21T11:47:03.353081"
    },
    "moderation": {
      "status": "approved"
    },
    "condition": "new",
    "warranty": {
      "hasWarranty": true,
      "duration": 12,
      "type": "manufacturer"
    },
    "analytics": {
      "views": 449,
      "uniqueViews": 314,
      "addedToCart": 21,
      "purchased": 14,
      "averageRating": 4.4,
      "totalReviews": 12,
      "rating5Star": 7,
      "rating4Star": 3,
      "rating3Star": 1,
      "totalSold": 14,
      "totalRevenue": 698.6
    },
    "isFeatured": false,
    "isBestseller": false,
    "isOnSale": false,
    "productType": "physical",
    "visibility": "public",
    "schemaVersion": 1,
    "createdAt": {
      "$date": "2025-01-21T11:47:03.353081"
    },
    "updatedAt": {
      "$date": "2025-12-07T11:47:03.353081"
    }
  },
  {
    "_id": {
      "$oid": "41d7dcf9ea10d27a9079b13c"
    },
    "sellerId": {
      "$oid": "674a03d139f1f85510c3d6ba"
    },
    "sellerInfo": {
      "name": "TM Electronics Hub",
      "slug": "tm-electronics-hub",
      "rating": 4.6,
      "verificationStatus": "verified"
    },
    "title": "Mango Flowy Midi Dress - Floral Print",
    "slug": "mango-flowy-midi-dress---floral-print",
    "description": "High-quality Mango Flowy Midi Dress - Floral Print from Mango. Premium product with excellent features and performance.",
    "shortDescription": "Mango Mango Flowy Midi Dress - Flora",
    "category": {
      "$oid": "674a03d139f1f85510c3d7b0"
    },
    "categoryPath": [
      {
        "$oid": "674a03d139f1f85510c3d7ae"
      },
      {
        "$oid": "674a03d139f1f85510c3d7b0"
      }
    ],
    "categoryNames": [
      "Fashion"
    ],
    "tags": [
      "mango",
      "womens-clothing"
    ],
    "brand": "Mango",
    "manufacturer": "Mango",
    "sku": "MANGO-FLOWY-MIDI-DRE-45",
    "pricing": {
      "basePrice": 79.99,
      "salePrice": 67.99,
      "currency": "USD",
      "taxable": true
    },
    "inventory": {
      "stockQuantity": 79,
      "reservedQuantity": 1,
      "availableQuantity": 76,
      "lowStockThreshold": 10,
      "trackInventory": true
    },
    "hasVariants": false,
    "images": [
      {
        "url": "https://images.unsplash.com/photo-1619237131501",
        "alt": "Mango Flowy Midi Dress - Floral Print",
        "position": 1,
        "isMain": true
      }
    ],
    "primaryImage": "https://images.unsplash.com/photo-1640038993383",
    "physical": {
      "weight": 0.91,
      "weightUnit": "kg",
      "dimensions": {
        "length": 22.1,
        "width": 27.4,
        "height": 8.4,
        "unit": "cm"
      }
    },
    "shipping": {
      "requiresShipping": true,
      "isFreeShipping": true,
      "shippingClass": "standard"
    },
    "status": "active",
    "publishedAt": {
      "$date": "2025-06-09T11:47:03.353081"
    },
    "moderation": {
      "status": "approved"
    },
    "condition": "new",
    "warranty": {
      "hasWarranty": true,
      "duration": 12,
      "type": "manufacturer"
    },
    "analytics": {
      "views": 1129,
      "uniqueViews": 790,
      "addedToCart": 43,
      "purchased": 29,
      "averageRating": 4.2,
      "totalReviews": 1,
      "rating5Star": 0,
      "rating4Star": 0,
      "rating3Star": 0,
      "totalSold": 29,
      "totalRevenue": 1971.71
    },
    "isFeatured": false,
    "isBestseller": true,
    "isOnSale": true,
    "productType": "physical",
    "visibility": "public",
    "schemaVersion": 1,
    "createdAt": {
      "$date": "2025-06-09T11:47:03.353081"
    },
    "updatedAt": {
      "$date": "2025-12-07T11:47:03.353081"
    },
    "discount": {
      "isActive": true,
      "type": "percentage",
      "value": 15,
      "startDate": {
        "$date": "2025-11-01T00:00:00.000Z"
      },
      "endDate": {
        "$date": "2025-12-31T23:59:59.000Z"
      }
    }
  },
  {
    "_id": {
      "$oid": "13feb468ca3ade83c6559c94"
    },
    "sellerId": {
      "$oid": "674a03d139f1f85510c3d6bd"
    },
    "sellerInfo": {
      "name": "Tech Gadgets Central",
      "slug": "tech-gadgets-central",
      "rating": 4.5,
      "verificationStatus": "verified"
    },
    "title": "Free People We The Free Tee",
    "slug": "free-people-we-the-free-tee",
    "description": "High-quality Free People We The Free Tee from Free People. Premium product with excellent features and performance.",
    "shortDescription": "Free People Free People We The Free Tee",
    "category": {
      "$oid": "674a03d139f1f85510c3d7b0"
    },
    "categoryPath": [
      {
        "$oid": "674a03d139f1f85510c3d7ae"
      },
      {
        "$oid": "674a03d139f1f85510c3d7b0"
      }
    ],
    "categoryNames": [
      "Fashion"
    ],
    "tags": [
      "free people",
      "womens-clothing"
    ],
    "brand": "Free People",
    "manufacturer": "Free People",
    "sku": "FREE-PEOPLE-WE-THE-F-46",
    "pricing": {
      "basePrice": 48.0,
      "currency": "USD",
      "taxable": true
    },
    "inventory": {
      "stockQuantity": 86,
      "reservedQuantity": 3,
      "availableQuantity": 85,
      "lowStockThreshold": 10,
      "trackInventory": true
    },
    "hasVariants": false,
    "images": [
      {
        "url": "https://images.unsplash.com/photo-1675497657904",
        "alt": "Free People We The Free Tee",
        "position": 1,
        "isMain": true
      }
    ],
    "primaryImage": "https://images.unsplash.com/photo-1621896007366",
    "physical": {
      "weight": 2.18,
      "weightUnit": "kg",
      "dimensions": {
        "length": 41.9,
        "width": 18.3,
        "height": 15.4,
        "unit": "cm"
      }
    },
    "shipping": {
      "requiresShipping": true,
      "isFreeShipping": false,
      "shippingClass": "standard"
    },
    "status": "active",
    "publishedAt": {
      "$date": "2025-09-20T11:47:03.353081"
    },
    "moderation": {
      "status": "approved"
    },
    "condition": "new",
    "warranty": {
      "hasWarranty": true,
      "duration": 12,
      "type": "manufacturer"
    },
    "analytics": {
      "views": 391,
      "uniqueViews": 273,
      "addedToCart": 33,
      "purchased": 22,
      "averageRating": 4.9,
      "totalReviews": 23,
      "rating5Star": 13,
      "rating4Star": 6,
      "rating3Star": 2,
      "totalSold": 22,
      "totalRevenue": 1056.0
    },
    "isFeatured": false,
    "isBestseller": true,
    "isOnSale": false,
    "productType": "physical",
    "visibility": "public",
    "schemaVersion": 1,
    "createdAt": {
      "$date": "2025-09-20T11:47:03.353081"
    },
    "updatedAt": {
      "$date": "2025-12-07T11:47:03.353081"
    }
  },
  {
    "_id": {
      "$oid": "0daab480e4fd3a55a2c5854e"
    },
    "sellerId": {
      "$oid": "674a03d139f1f85510c3d6ba"
    },
    "sellerInfo": {
      "name": "TM Electronics Hub",
      "slug": "tm-electronics-hub",
      "rating": 4.6,
      "verificationStatus": "verified"
    },
    "title": "Lululemon Align High-Rise Pant 25\"",
    "slug": "lululemon-align-high-rise-pant-25",
    "description": "High-quality Lululemon Align High-Rise Pant 25\" from Lululemon. Premium product with excellent features and performance.",
    "shortDescription": "Lululemon Lululemon Align High-Rise Pant",
    "category": {
      "$oid": "674a03d139f1f85510c3d7b0"
    },
    "categoryPath": [
      {
        "$oid": "674a03d139f1f85510c3d7ae"
      },
      {
        "$oid": "674a03d139f1f85510c3d7b0"
      }
    ],
    "categoryNames": [
      "Fashion"
    ],
    "tags": [
      "lululemon",
      "womens-clothing"
    ],
    "brand": "Lululemon",
    "manufacturer": "Lululemon",
    "sku": "LULULEMON-ALIGN-HIGH-47",
    "pricing": {
      "basePrice": 98.0,
      "currency": "USD",
      "taxable": true
    },
    "inventory": {
      "stockQuantity": 66,
      "reservedQuantity": 2,
      "availableQuantity": 65,
      "lowStockThreshold": 10,
      "trackInventory": true
    },
    "hasVariants": false,
    "images": [
      {
        "url": "https://images.unsplash.com/photo-1564941922850",
        "alt": "Lululemon Align High-Rise Pant 25\"",
        "position": 1,
        "isMain": true
      }
    ],
    "primaryImage": "https://images.unsplash.com/photo-1591336666633",
    "physical": {
      "weight": 1.09,
      "weightUnit": "kg",
      "dimensions": {
        "length": 14.9,
        "width": 16.4,
        "height": 5.7,
        "unit": "cm"
      }
    },
    "shipping": {
      "requiresShipping": true,
      "isFreeShipping": true,
      "shippingClass": "standard"
    },
    "status": "active",
    "publishedAt": {
      "$date": "2025-05-22T11:47:03.353081"
    },
    "moderation": {
      "status": "approved"
    },
    "condition": "new",
    "warranty": {
      "hasWarranty": true,
      "duration": 12,
      "type": "manufacturer"
    },
    "analytics": {
      "views": 542,
      "uniqueViews": 379,
      "addedToCart": 43,
      "purchased": 29,
      "averageRating": 4.3,
      "totalReviews": 4,
      "rating5Star": 2,
      "rating4Star": 1,
      "rating3Star": 0,
      "totalSold": 29,
      "totalRevenue": 2842.0
    },
    "isFeatured": true,
    "isBestseller": true,
    "isOnSale": false,
    "productType": "physical",
    "visibility": "public",
    "schemaVersion": 1,
    "createdAt": {
      "$date": "2025-05-22T11:47:03.353081"
    },
    "updatedAt": {
      "$date": "2025-12-07T11:47:03.353081"
    }
  },
  {
    "_id": {
      "$oid": "65c3ebdddf1800c42de6a80c"
    },
    "sellerId": {
      "$oid": "674a03d139f1f85510c3d6bd"
    },
    "sellerInfo": {
      "name": "Tech Gadgets Central",
      "slug": "tech-gadgets-central",
      "rating": 4.5,
      "verificationStatus": "verified"
    },
    "title": "Athleta Salutation Stash Pocket II Tight",
    "slug": "athleta-salutation-stash-pocket-ii-tight",
    "description": "High-quality Athleta Salutation Stash Pocket II Tight from Athleta. Premium product with excellent features and performance.",
    "shortDescription": "Athleta Athleta Salutation Stash Pocke",
    "category": {
      "$oid": "674a03d139f1f85510c3d7b0"
    },
    "categoryPath": [
      {
        "$oid": "674a03d139f1f85510c3d7ae"
      },
      {
        "$oid": "674a03d139f1f85510c3d7b0"
      }
    ],
    "categoryNames": [
      "Fashion"
    ],
    "tags": [
      "athleta",
      "womens-clothing"
    ],
    "brand": "Athleta",
    "manufacturer": "Athleta",
    "sku": "ATHLETA-SALUTATION-S-48",
    "pricing": {
      "basePrice": 89.0,
      "salePrice": 75.65,
      "currency": "USD",
      "taxable": true
    },
    "inventory": {
      "stockQuantity": 83,
      "reservedQuantity": 2,
      "availableQuantity": 83,
      "lowStockThreshold": 10,
      "trackInventory": true
    },
    "hasVariants": false,
    "images": [
      {
        "url": "https://images.unsplash.com/photo-1506434497976",
        "alt": "Athleta Salutation Stash Pocket II Tight",
        "position": 1,
        "isMain": true
      }
    ],
    "primaryImage": "https://images.unsplash.com/photo-1518298233040",
    "physical": {
      "weight": 2.9,
      "weightUnit": "kg",
      "dimensions": {
        "length": 33.6,
        "width": 39.4,
        "height": 13.1,
        "unit": "cm"
      }
    },
    "shipping": {
      "requiresShipping": true,
      "isFreeShipping": true,
      "shippingClass": "standard"
    },
    "status": "active",
    "publishedAt": {
      "$date": "2025-03-13T11:47:03.353081"
    },
    "moderation": {
      "status": "approved"
    },
    "condition": "new",
    "warranty": {
      "hasWarranty": true,
      "duration": 12,
      "type": "manufacturer"
    },
    "analytics": {
      "views": 1509,
      "uniqueViews": 1056,
      "addedToCart": 39,
      "purchased": 26,
      "averageRating": 4.6,
      "totalReviews": 27,
      "rating5Star": 16,
      "rating4Star": 8,
      "rating3Star": 2,
      "totalSold": 26,
      "totalRevenue": 1966.9
    },
    "isFeatured": true,
    "isBestseller": true,
    "isOnSale": true,
    "productType": "physical",
    "visibility": "public",
    "schemaVersion": 1,
    "createdAt": {
      "$date": "2025-03-13T11:47:03.353081"
    },
    "updatedAt": {
      "$date": "2025-12-07T11:47:03.353081"
    },
    "discount": {
      "isActive": true,
      "type": "percentage",
      "value": 15,
      "startDate": {
        "$date": "2025-11-01T00:00:00.000Z"
      },
      "endDate": {
        "$date": "2025-12-31T23:59:59.000Z"
      }
    }
  },
  {
    "_id": {
      "$oid": "38ff93feadef8b63c105ebe1"
    },
    "sellerId": {
      "$oid": "674a03d139f1f85510c3d6ba"
    },
    "sellerInfo": {
      "name": "TM Electronics Hub",
      "slug": "tm-electronics-hub",
      "rating": 4.6,
      "verificationStatus": "verified"
    },
    "title": "Reformation Petites Carina Linen Dress",
    "slug": "reformation-petites-carina-linen-dress",
    "description": "High-quality Reformation Petites Carina Linen Dress from Reformation. Premium product with excellent features and performance.",
    "shortDescription": "Reformation Reformation Petites Carina Lin",
    "category": {
      "$oid": "674a03d139f1f85510c3d7b0"
    },
    "categoryPath": [
      {
        "$oid": "674a03d139f1f85510c3d7ae"
      },
      {
        "$oid": "674a03d139f1f85510c3d7b0"
      }
    ],
    "categoryNames": [
      "Fashion"
    ],
    "tags": [
      "reformation",
      "womens-clothing"
    ],
    "brand": "Reformation",
    "manufacturer": "Reformation",
    "sku": "REFORMATION-PETITES--49",
    "pricing": {
      "basePrice": 198.0,
      "currency": "USD",
      "taxable": true
    },
    "inventory": {
      "stockQuantity": 41,
      "reservedQuantity": 2,
      "availableQuantity": 39,
      "lowStockThreshold": 10,
      "trackInventory": true
    },
    "hasVariants": false,
    "images": [
      {
        "url": "https://images.unsplash.com/photo-1672342443383",
        "alt": "Reformation Petites Carina Linen Dress",
        "position": 1,
        "isMain": true
      }
    ],
    "primaryImage": "https://images.unsplash.com/photo-1519659907638",
    "physical": {
      "weight": 1.52,
      "weightUnit": "kg",
      "dimensions": {
        "length": 10.9,
        "width": 24.6,
        "height": 11.0,
        "unit": "cm"
      }
    },
    "shipping": {
      "requiresShipping": true,
      "isFreeShipping": true,
      "shippingClass": "standard"
    },
    "status": "active",
    "publishedAt": {
      "$date": "2025-07-18T11:47:03.353081"
    },
    "moderation": {
      "status": "approved"
    },
    "condition": "new",
    "warranty": {
      "hasWarranty": true,
      "duration": 12,
      "type": "manufacturer"
    },
    "analytics": {
      "views": 406,
      "uniqueViews": 284,
      "addedToCart": 48,
      "purchased": 32,
      "averageRating": 5.0,
      "totalReviews": 21,
      "rating5Star": 12,
      "rating4Star": 6,
      "rating3Star": 2,
      "totalSold": 32,
      "totalRevenue": 6336.0
    },
    "isFeatured": true,
    "isBestseller": true,
    "isOnSale": false,
    "productType": "physical",
    "visibility": "public",
    "schemaVersion": 1,
    "createdAt": {
      "$date": "2025-07-18T11:47:03.353081"
    },
    "updatedAt": {
      "$date": "2025-12-07T11:47:03.353081"
    }
  },
  {
    "_id": {
      "$oid": "0ffa911f0b326f25268b5199"
    },
    "sellerId": {
      "$oid": "674a03d139f1f85510c3d6bd"
    },
    "sellerInfo": {
      "name": "Tech Gadgets Central",
      "slug": "tech-gadgets-central",
      "rating": 4.5,
      "verificationStatus": "verified"
    },
    "title": "Everlane The Day Glove Flat",
    "slug": "everlane-the-day-glove-flat",
    "description": "High-quality Everlane The Day Glove Flat from Everlane. Premium product with excellent features and performance.",
    "shortDescription": "Everlane Everlane The Day Glove Flat",
    "category": {
      "$oid": "674a03d139f1f85510c3d7b0"
    },
    "categoryPath": [
      {
        "$oid": "674a03d139f1f85510c3d7ae"
      },
      {
        "$oid": "674a03d139f1f85510c3d7b0"
      }
    ],
    "categoryNames": [
      "Fashion"
    ],
    "tags": [
      "everlane",
      "womens-clothing"
    ],
    "brand": "Everlane",
    "manufacturer": "Everlane",
    "sku": "EVERLANE-THE-DAY-GLO-50",
    "pricing": {
      "basePrice": 165.0,
      "salePrice": 140.25,
      "currency": "USD",
      "taxable": true
    },
    "inventory": {
      "stockQuantity": 20,
      "reservedQuantity": 3,
      "availableQuantity": 20,
      "lowStockThreshold": 10,
      "trackInventory": true
    },
    "hasVariants": false,
    "images": [
      {
        "url": "https://images.unsplash.com/photo-1515079813897",
        "alt": "Everlane The Day Glove Flat",
        "position": 1,
        "isMain": true
      }
    ],
    "primaryImage": "https://images.unsplash.com/photo-1523573993421",
    "physical": {
      "weight": 2.46,
      "weightUnit": "kg",
      "dimensions": {
        "length": 32.8,
        "width": 19.3,
        "height": 15.8,
        "unit": "cm"
      }
    },
    "shipping": {
      "requiresShipping": true,
      "isFreeShipping": true,
      "shippingClass": "standard"
    },
    "status": "active",
    "publishedAt": {
      "$date": "2025-03-17T11:47:03.353081"
    },
    "moderation": {
      "status": "approved"
    },
    "condition": "new",
    "warranty": {
      "hasWarranty": true,
      "duration": 12,
      "type": "manufacturer"
    },
    "analytics": {
      "views": 1051,
      "uniqueViews": 735,
      "addedToCart": 33,
      "purchased": 22,
      "averageRating": 4.9,
      "totalReviews": 29,
      "rating5Star": 17,
      "rating4Star": 8,
      "rating3Star": 2,
      "totalSold": 22,
      "totalRevenue": 3085.5
    },
    "isFeatured": true,
    "isBestseller": true,
    "isOnSale": true,
    "productType": "physical",
    "visibility": "public",
    "schemaVersion": 1,
    "createdAt": {
      "$date": "2025-03-17T11:47:03.353081"
    },
    "updatedAt": {
      "$date": "2025-12-07T11:47:03.353081"
    },
    "discount": {
      "isActive": true,
      "type": "percentage",
      "value": 15,
      "startDate": {
        "$date": "2025-11-01T00:00:00.000Z"
      },
      "endDate": {
        "$date": "2025-12-31T23:59:59.000Z"
      }
    }
  },
  {
    "_id": {
      "$oid": "423134f1ec47bffe3712aaf3"
    },
    "sellerId": {
      "$oid": "674a03d139f1f85510c3d6ba"
    },
    "sellerInfo": {
      "name": "TM Electronics Hub",
      "slug": "tm-electronics-hub",
      "rating": 4.6,
      "verificationStatus": "verified"
    },
    "title": "Dyson V15 Detect Cordless Vacuum",
    "slug": "dyson-v15-detect-cordless-vacuum",
    "description": "High-quality Dyson V15 Detect Cordless Vacuum from Dyson. Premium product with excellent features and performance.",
    "shortDescription": "Dyson Dyson V15 Detect Cordless Vacu",
    "category": {
      "$oid": "674a03d139f1f85510c3d7b2"
    },
    "categoryPath": [
      {
        "$oid": "674a03d139f1f85510c3d7b2"
      }
    ],
    "categoryNames": [
      "Home Garden"
    ],
    "tags": [
      "dyson",
      "home-garden"
    ],
    "brand": "Dyson",
    "manufacturer": "Dyson",
    "sku": "DYSON-V15-DETECT-COR-51",
    "pricing": {
      "basePrice": 749.99,
      "currency": "USD",
      "taxable": true
    },
    "inventory": {
      "stockQuantity": 96,
      "reservedQuantity": 0,
      "availableQuantity": 95,
      "lowStockThreshold": 10,
      "trackInventory": true
    },
    "hasVariants": false,
    "images": [
      {
        "url": "https://images.unsplash.com/photo-1628992326638",
        "alt": "Dyson V15 Detect Cordless Vacuum",
        "position": 1,
        "isMain": true
      }
    ],
    "primaryImage": "https://images.unsplash.com/photo-1699835613583",
    "physical": {
      "weight": 2.45,
      "weightUnit": "kg",
      "dimensions": {
        "length": 32.5,
        "width": 13.9,
        "height": 3.4,
        "unit": "cm"
      }
    },
    "shipping": {
      "requiresShipping": true,
      "isFreeShipping": true,
      "shippingClass": "standard"
    },
    "status": "active",
    "publishedAt": {
      "$date": "2025-08-27T11:47:03.353081"
    },
    "moderation": {
      "status": "approved"
    },
    "condition": "new",
    "warranty": {
      "hasWarranty": true,
      "duration": 12,
      "type": "manufacturer"
    },
    "analytics": {
      "views": 818,
      "uniqueViews": 572,
      "addedToCart": 31,
      "purchased": 21,
      "averageRating": 4.4,
      "totalReviews": 19,
      "rating5Star": 11,
      "rating4Star": 5,
      "rating3Star": 1,
      "totalSold": 21,
      "totalRevenue": 15749.79
    },
    "isFeatured": false,
    "isBestseller": true,
    "isOnSale": false,
    "productType": "physical",
    "visibility": "public",
    "schemaVersion": 1,
    "createdAt": {
      "$date": "2025-08-27T11:47:03.353081"
    },
    "updatedAt": {
      "$date": "2025-12-07T11:47:03.353081"
    }
  },
  {
    "_id": {
      "$oid": "a5649bb63fa92b8c60d6c95a"
    },
    "sellerId": {
      "$oid": "674a03d139f1f85510c3d6bd"
    },
    "sellerInfo": {
      "name": "Tech Gadgets Central",
      "slug": "tech-gadgets-central",
      "rating": 4.5,
      "verificationStatus": "verified"
    },
    "title": "iRobot Roomba j7+ Robot Vacuum",
    "slug": "irobot-roomba-j7+-robot-vacuum",
    "description": "High-quality iRobot Roomba j7+ Robot Vacuum from iRobot. Premium product with excellent features and performance.",
    "shortDescription": "iRobot iRobot Roomba j7+ Robot Vacuum",
    "category": {
      "$oid": "674a03d139f1f85510c3d7b2"
    },
    "categoryPath": [
      {
        "$oid": "674a03d139f1f85510c3d7b2"
      }
    ],
    "categoryNames": [
      "Home Garden"
    ],
    "tags": [
      "irobot",
      "home-garden"
    ],
    "brand": "iRobot",
    "manufacturer": "iRobot",
    "sku": "IROBOT-ROOMBA-J7+-RO-52",
    "pricing": {
      "basePrice": 799.99,
      "currency": "USD",
      "taxable": true
    },
    "inventory": {
      "stockQuantity": 18,
      "reservedQuantity": 3,
      "availableQuantity": 18,
      "lowStockThreshold": 10,
      "trackInventory": true
    },
    "hasVariants": false,
    "images": [
      {
        "url": "https://images.unsplash.com/photo-1518328232491",
        "alt": "iRobot Roomba j7+ Robot Vacuum",
        "position": 1,
        "isMain": true
      }
    ],
    "primaryImage": "https://images.unsplash.com/photo-1608595944622",
    "physical": {
      "weight": 0.67,
      "weightUnit": "kg",
      "dimensions": {
        "length": 18.0,
        "width": 18.4,
        "height": 12.8,
        "unit": "cm"
      }
    },
    "shipping": {
      "requiresShipping": true,
      "isFreeShipping": true,
      "shippingClass": "standard"
    },
    "status": "active",
    "publishedAt": {
      "$date": "2025-03-19T11:47:03.353081"
    },
    "moderation": {
      "status": "approved"
    },
    "condition": "new",
    "warranty": {
      "hasWarranty": true,
      "duration": 12,
      "type": "manufacturer"
    },
    "analytics": {
      "views": 1716,
      "uniqueViews": 1201,
      "addedToCart": 69,
      "purchased": 46,
      "averageRating": 4.4,
      "totalReviews": 30,
      "rating5Star": 18,
      "rating4Star": 9,
      "rating3Star": 3,
      "totalSold": 46,
      "totalRevenue": 36799.54
    },
    "isFeatured": false,
    "isBestseller": true,
    "isOnSale": false,
    "productType": "physical",
    "visibility": "public",
    "schemaVersion": 1,
    "createdAt": {
      "$date": "2025-03-19T11:47:03.353081"
    },
    "updatedAt": {
      "$date": "2025-12-07T11:47:03.353081"
    }
  },
  {
    "_id": {
      "$oid": "39cd33e5fa89d19f4330acea"
    },
    "sellerId": {
      "$oid": "674a03d139f1f85510c3d6ba"
    },
    "sellerInfo": {
      "name": "TM Electronics Hub",
      "slug": "tm-electronics-hub",
      "rating": 4.6,
      "verificationStatus": "verified"
    },
    "title": "Ninja Foodi 10-in-1 XL Pressure Cooker",
    "slug": "ninja-foodi-10-in-1-xl-pressure-cooker",
    "description": "High-quality Ninja Foodi 10-in-1 XL Pressure Cooker from Ninja. Premium product with excellent features and performance.",
    "shortDescription": "Ninja Ninja Foodi 10-in-1 XL Pressur",
    "category": {
      "$oid": "674a03d139f1f85510c3d7b2"
    },
    "categoryPath": [
      {
        "$oid": "674a03d139f1f85510c3d7b2"
      }
    ],
    "categoryNames": [
      "Home Garden"
    ],
    "tags": [
      "ninja",
      "home-garden"
    ],
    "brand": "Ninja",
    "manufacturer": "Ninja",
    "sku": "NINJA-FOODI-10-IN-1--53",
    "pricing": {
      "basePrice": 229.99,
      "salePrice": 195.49,
      "currency": "USD",
      "taxable": true
    },
    "inventory": {
      "stockQuantity": 12,
      "reservedQuantity": 3,
      "availableQuantity": 11,
      "lowStockThreshold": 10,
      "trackInventory": true
    },
    "hasVariants": false,
    "images": [
      {
        "url": "https://images.unsplash.com/photo-1535233922585",
        "alt": "Ninja Foodi 10-in-1 XL Pressure Cooker",
        "position": 1,
        "isMain": true
      }
    ],
    "primaryImage": "https://images.unsplash.com/photo-1673806727467",
    "physical": {
      "weight": 2.86,
      "weightUnit": "kg",
      "dimensions": {
        "length": 34.3,
        "width": 14.6,
        "height": 10.3,
        "unit": "cm"
      }
    },
    "shipping": {
      "requiresShipping": true,
      "isFreeShipping": true,
      "shippingClass": "standard"
    },
    "status": "active",
    "publishedAt": {
      "$date": "2025-01-22T11:47:03.353081"
    },
    "moderation": {
      "status": "approved"
    },
    "condition": "new",
    "warranty": {
      "hasWarranty": true,
      "duration": 12,
      "type": "manufacturer"
    },
    "analytics": {
      "views": 711,
      "uniqueViews": 497,
      "addedToCart": 39,
      "purchased": 26,
      "averageRating": 5.0,
      "totalReviews": 15,
      "rating5Star": 9,
      "rating4Star": 4,
      "rating3Star": 1,
      "totalSold": 26,
      "totalRevenue": 5082.74
    },
    "isFeatured": false,
    "isBestseller": true,
    "isOnSale": true,
    "productType": "physical",
    "visibility": "public",
    "schemaVersion": 1,
    "createdAt": {
      "$date": "2025-01-22T11:47:03.353081"
    },
    "updatedAt": {
      "$date": "2025-12-07T11:47:03.353081"
    },
    "discount": {
      "isActive": true,
      "type": "percentage",
      "value": 15,
      "startDate": {
        "$date": "2025-11-01T00:00:00.000Z"
      },
      "endDate": {
        "$date": "2025-12-31T23:59:59.000Z"
      }
    }
  },
  {
    "_id": {
      "$oid": "352308bf13fcc403da763e55"
    },
    "sellerId": {
      "$oid": "674a03d139f1f85510c3d6bd"
    },
    "sellerInfo": {
      "name": "Tech Gadgets Central",
      "slug": "tech-gadgets-central",
      "rating": 4.5,
      "verificationStatus": "verified"
    },
    "title": "KitchenAid Artisan Series Stand Mixer",
    "slug": "kitchenaid-artisan-series-stand-mixer",
    "description": "High-quality KitchenAid Artisan Series Stand Mixer from KitchenAid. Premium product with excellent features and performance.",
    "shortDescription": "KitchenAid KitchenAid Artisan Series Stan",
    "category": {
      "$oid": "674a03d139f1f85510c3d7b2"
    },
    "categoryPath": [
      {
        "$oid": "674a03d139f1f85510c3d7b2"
      }
    ],
    "categoryNames": [
      "Home Garden"
    ],
    "tags": [
      "kitchenaid",
      "home-garden"
    ],
    "brand": "KitchenAid",
    "manufacturer": "KitchenAid",
    "sku": "KITCHENAID-ARTISAN-S-54",
    "pricing": {
      "basePrice": 449.99,
      "currency": "USD",
      "taxable": true
    },
    "inventory": {
      "stockQuantity": 23,
      "reservedQuantity": 1,
      "availableQuantity": 21,
      "lowStockThreshold": 10,
      "trackInventory": true
    },
    "hasVariants": false,
    "images": [
      {
        "url": "https://images.unsplash.com/photo-1580741865531",
        "alt": "KitchenAid Artisan Series Stand Mixer",
        "position": 1,
        "isMain": true
      }
    ],
    "primaryImage": "https://images.unsplash.com/photo-1572580399246",
    "physical": {
      "weight": 4.4,
      "weightUnit": "kg",
      "dimensions": {
        "length": 39.5,
        "width": 29.5,
        "height": 19.1,
        "unit": "cm"
      }
    },
    "shipping": {
      "requiresShipping": true,
      "isFreeShipping": true,
      "shippingClass": "standard"
    },
    "status": "active",
    "publishedAt": {
      "$date": "2025-01-25T11:47:03.353081"
    },
    "moderation": {
      "status": "approved"
    },
    "condition": "new",
    "warranty": {
      "hasWarranty": true,
      "duration": 12,
      "type": "manufacturer"
    },
    "analytics": {
      "views": 1267,
      "uniqueViews": 886,
      "addedToCart": 39,
      "purchased": 26,
      "averageRating": 4.4,
      "totalReviews": 20,
      "rating5Star": 12,
      "rating4Star": 6,
      "rating3Star": 2,
      "totalSold": 26,
      "totalRevenue": 11699.74
    },
    "isFeatured": true,
    "isBestseller": true,
    "isOnSale": false,
    "productType": "physical",
    "visibility": "public",
    "schemaVersion": 1,
    "createdAt": {
      "$date": "2025-01-25T11:47:03.353081"
    },
    "updatedAt": {
      "$date": "2025-12-07T11:47:03.353081"
    }
  },
  {
    "_id": {
      "$oid": "4ada18bb62a8af4e2dc02dfd"
    },
    "sellerId": {
      "$oid": "674a03d139f1f85510c3d6ba"
    },
    "sellerInfo": {
      "name": "TM Electronics Hub",
      "slug": "tm-electronics-hub",
      "rating": 4.6,
      "verificationStatus": "verified"
    },
    "title": "Nespresso Vertuo Next Coffee Maker",
    "slug": "nespresso-vertuo-next-coffee-maker",
    "description": "High-quality Nespresso Vertuo Next Coffee Maker from Nespresso. Premium product with excellent features and performance.",
    "shortDescription": "Nespresso Nespresso Vertuo Next Coffee M",
    "category": {
      "$oid": "674a03d139f1f85510c3d7b2"
    },
    "categoryPath": [
      {
        "$oid": "674a03d139f1f85510c3d7b2"
      }
    ],
    "categoryNames": [
      "Home Garden"
    ],
    "tags": [
      "nespresso",
      "home-garden"
    ],
    "brand": "Nespresso",
    "manufacturer": "Nespresso",
    "sku": "NESPRESSO-VERTUO-NEX-55",
    "pricing": {
      "basePrice": 179.99,
      "salePrice": 152.99,
      "currency": "USD",
      "taxable": true
    },
    "inventory": {
      "stockQuantity": 91,
      "reservedQuantity": 3,
      "availableQuantity": 88,
      "lowStockThreshold": 10,
      "trackInventory": true
    },
    "hasVariants": false,
    "images": [
      {
        "url": "https://images.unsplash.com/photo-1518639174095",
        "alt": "Nespresso Vertuo Next Coffee Maker",
        "position": 1,
        "isMain": true
      }
    ],
    "primaryImage": "https://images.unsplash.com/photo-1544284908331",
    "physical": {
      "weight": 0.65,
      "weightUnit": "kg",
      "dimensions": {
        "length": 37.6,
        "width": 19.7,
        "height": 19.3,
        "unit": "cm"
      }
    },
    "shipping": {
      "requiresShipping": true,
      "isFreeShipping": true,
      "shippingClass": "standard"
    },
    "status": "active",
    "publishedAt": {
      "$date": "2025-07-17T11:47:03.353081"
    },
    "moderation": {
      "status": "approved"
    },
    "condition": "new",
    "warranty": {
      "hasWarranty": true,
      "duration": 12,
      "type": "manufacturer"
    },
    "analytics": {
      "views": 1418,
      "uniqueViews": 992,
      "addedToCart": 70,
      "purchased": 47,
      "averageRating": 4.7,
      "totalReviews": 14,
      "rating5Star": 8,
      "rating4Star": 4,
      "rating3Star": 1,
      "totalSold": 47,
      "totalRevenue": 7190.53
    },
    "isFeatured": false,
    "isBestseller": true,
    "isOnSale": true,
    "productType": "physical",
    "visibility": "public",
    "schemaVersion": 1,
    "createdAt": {
      "$date": "2025-07-17T11:47:03.353081"
    },
    "updatedAt": {
      "$date": "2025-12-07T11:47:03.353081"
    },
    "discount": {
      "isActive": true,
      "type": "percentage",
      "value": 15,
      "startDate": {
        "$date": "2025-11-01T00:00:00.000Z"
      },
      "endDate": {
        "$date": "2025-12-31T23:59:59.000Z"
      }
    }
  },
  {
    "_id": {
      "$oid": "0f9a28cfdb4bf1e1e09380f8"
    },
    "sellerId": {
      "$oid": "674a03d139f1f85510c3d6bd"
    },
    "sellerInfo": {
      "name": "Tech Gadgets Central",
      "slug": "tech-gadgets-central",
      "rating": 4.5,
      "verificationStatus": "verified"
    },
    "title": "Breville Barista Express Espresso Machine",
    "slug": "breville-barista-express-espresso-machine",
    "description": "High-quality Breville Barista Express Espresso Machine from Breville. Premium product with excellent features and performance.",
    "shortDescription": "Breville Breville Barista Express Espre",
    "category": {
      "$oid": "674a03d139f1f85510c3d7b2"
    },
    "categoryPath": [
      {
        "$oid": "674a03d139f1f85510c3d7b2"
      }
    ],
    "categoryNames": [
      "Home Garden"
    ],
    "tags": [
      "breville",
      "home-garden"
    ],
    "brand": "Breville",
    "manufacturer": "Breville",
    "sku": "BREVILLE-BARISTA-EXP-56",
    "pricing": {
      "basePrice": 699.95,
      "currency": "USD",
      "taxable": true
    },
    "inventory": {
      "stockQuantity": 18,
      "reservedQuantity": 0,
      "availableQuantity": 16,
      "lowStockThreshold": 10,
      "trackInventory": true
    },
    "hasVariants": false,
    "images": [
      {
        "url": "https://images.unsplash.com/photo-1588321185576",
        "alt": "Breville Barista Express Espresso Machine",
        "position": 1,
        "isMain": true
      }
    ],
    "primaryImage": "https://images.unsplash.com/photo-1686167747583",
    "physical": {
      "weight": 1.92,
      "weightUnit": "kg",
      "dimensions": {
        "length": 46.8,
        "width": 24.5,
        "height": 8.8,
        "unit": "cm"
      }
    },
    "shipping": {
      "requiresShipping": true,
      "isFreeShipping": true,
      "shippingClass": "standard"
    },
    "status": "active",
    "publishedAt": {
      "$date": "2025-09-25T11:47:03.353081"
    },
    "moderation": {
      "status": "approved"
    },
    "condition": "new",
    "warranty": {
      "hasWarranty": true,
      "duration": 12,
      "type": "manufacturer"
    },
    "analytics": {
      "views": 634,
      "uniqueViews": 443,
      "addedToCart": 55,
      "purchased": 37,
      "averageRating": 4.8,
      "totalReviews": 7,
      "rating5Star": 4,
      "rating4Star": 2,
      "rating3Star": 0,
      "totalSold": 37,
      "totalRevenue": 25898.15
    },
    "isFeatured": false,
    "isBestseller": true,
    "isOnSale": false,
    "productType": "physical",
    "visibility": "public",
    "schemaVersion": 1,
    "createdAt": {
      "$date": "2025-09-25T11:47:03.353081"
    },
    "updatedAt": {
      "$date": "2025-12-07T11:47:03.353081"
    }
  },
  {
    "_id": {
      "$oid": "2b28da1ad666b74bbea80a80"
    },
    "sellerId": {
      "$oid": "674a03d139f1f85510c3d6ba"
    },
    "sellerInfo": {
      "name": "TM Electronics Hub",
      "slug": "tm-electronics-hub",
      "rating": 4.6,
      "verificationStatus": "verified"
    },
    "title": "Philips Hue White & Color 4-Pack Bulbs",
    "slug": "philips-hue-white-&-color-4-pack-bulbs",
    "description": "High-quality Philips Hue White & Color 4-Pack Bulbs from Philips. Premium product with excellent features and performance.",
    "shortDescription": "Philips Philips Hue White & Color 4-Pa",
    "category": {
      "$oid": "674a03d139f1f85510c3d7b2"
    },
    "categoryPath": [
      {
        "$oid": "674a03d139f1f85510c3d7b2"
      }
    ],
    "categoryNames": [
      "Home Garden"
    ],
    "tags": [
      "philips",
      "home-garden"
    ],
    "brand": "Philips",
    "manufacturer": "Philips",
    "sku": "PHILIPS-HUE-WHITE-&--57",
    "pricing": {
      "basePrice": 199.99,
      "currency": "USD",
      "taxable": true
    },
    "inventory": {
      "stockQuantity": 8,
      "reservedQuantity": 3,
      "availableQuantity": 8,
      "lowStockThreshold": 10,
      "trackInventory": true
    },
    "hasVariants": false,
    "images": [
      {
        "url": "https://images.unsplash.com/photo-1510891433998",
        "alt": "Philips Hue White & Color 4-Pack Bulbs",
        "position": 1,
        "isMain": true
      }
    ],
    "primaryImage": "https://images.unsplash.com/photo-1532817545318",
    "physical": {
      "weight": 0.78,
      "weightUnit": "kg",
      "dimensions": {
        "length": 14.9,
        "width": 30.3,
        "height": 12.2,
        "unit": "cm"
      }
    },
    "shipping": {
      "requiresShipping": true,
      "isFreeShipping": true,
      "shippingClass": "standard"
    },
    "status": "active",
    "publishedAt": {
      "$date": "2025-11-02T11:47:03.353081"
    },
    "moderation": {
      "status": "approved"
    },
    "condition": "new",
    "warranty": {
      "hasWarranty": true,
      "duration": 12,
      "type": "manufacturer"
    },
    "analytics": {
      "views": 1389,
      "uniqueViews": 972,
      "addedToCart": 12,
      "purchased": 8,
      "averageRating": 4.2,
      "totalReviews": 29,
      "rating5Star": 17,
      "rating4Star": 8,
      "rating3Star": 2,
      "totalSold": 8,
      "totalRevenue": 1599.92
    },
    "isFeatured": true,
    "isBestseller": false,
    "isOnSale": false,
    "productType": "physical",
    "visibility": "public",
    "schemaVersion": 1,
    "createdAt": {
      "$date": "2025-11-02T11:47:03.353081"
    },
    "updatedAt": {
      "$date": "2025-12-07T11:47:03.353081"
    }
  },
  {
    "_id": {
      "$oid": "bc47fe8e2ecd03718e28bf28"
    },
    "sellerId": {
      "$oid": "674a03d139f1f85510c3d6bd"
    },
    "sellerInfo": {
      "name": "Tech Gadgets Central",
      "slug": "tech-gadgets-central",
      "rating": 4.5,
      "verificationStatus": "verified"
    },
    "title": "Ring Video Doorbell Pro 2",
    "slug": "ring-video-doorbell-pro-2",
    "description": "High-quality Ring Video Doorbell Pro 2 from Ring. Premium product with excellent features and performance.",
    "shortDescription": "Ring Ring Video Doorbell Pro 2",
    "category": {
      "$oid": "674a03d139f1f85510c3d7b2"
    },
    "categoryPath": [
      {
        "$oid": "674a03d139f1f85510c3d7b2"
      }
    ],
    "categoryNames": [
      "Home Garden"
    ],
    "tags": [
      "ring",
      "home-garden"
    ],
    "brand": "Ring",
    "manufacturer": "Ring",
    "sku": "RING-VIDEO-DOORBELL--58",
    "pricing": {
      "basePrice": 249.99,
      "currency": "USD",
      "taxable": true
    },
    "inventory": {
      "stockQuantity": 39,
      "reservedQuantity": 2,
      "availableQuantity": 39,
      "lowStockThreshold": 10,
      "trackInventory": true
    },
    "hasVariants": false,
    "images": [
      {
        "url": "https://images.unsplash.com/photo-1612682225878",
        "alt": "Ring Video Doorbell Pro 2",
        "position": 1,
        "isMain": true
      }
    ],
    "primaryImage": "https://images.unsplash.com/photo-1544422487856",
    "physical": {
      "weight": 2.48,
      "weightUnit": "kg",
      "dimensions": {
        "length": 13.9,
        "width": 17.5,
        "height": 4.6,
        "unit": "cm"
      }
    },
    "shipping": {
      "requiresShipping": true,
      "isFreeShipping": true,
      "shippingClass": "standard"
    },
    "status": "active",
    "publishedAt": {
      "$date": "2025-07-13T11:47:03.353081"
    },
    "moderation": {
      "status": "approved"
    },
    "condition": "new",
    "warranty": {
      "hasWarranty": true,
      "duration": 12,
      "type": "manufacturer"
    },
    "analytics": {
      "views": 1834,
      "uniqueViews": 1283,
      "addedToCart": 61,
      "purchased": 41,
      "averageRating": 4.3,
      "totalReviews": 19,
      "rating5Star": 11,
      "rating4Star": 5,
      "rating3Star": 1,
      "totalSold": 41,
      "totalRevenue": 10249.59
    },
    "isFeatured": true,
    "isBestseller": true,
    "isOnSale": false,
    "productType": "physical",
    "visibility": "public",
    "schemaVersion": 1,
    "createdAt": {
      "$date": "2025-07-13T11:47:03.353081"
    },
    "updatedAt": {
      "$date": "2025-12-07T11:47:03.353081"
    }
  },
  {
    "_id": {
      "$oid": "0e16624ea25375044ad9cb7f"
    },
    "sellerId": {
      "$oid": "674a03d139f1f85510c3d6ba"
    },
    "sellerInfo": {
      "name": "TM Electronics Hub",
      "slug": "tm-electronics-hub",
      "rating": 4.6,
      "verificationStatus": "verified"
    },
    "title": "Nest Learning Thermostat 3rd Gen",
    "slug": "nest-learning-thermostat-3rd-gen",
    "description": "High-quality Nest Learning Thermostat 3rd Gen from Nest. Premium product with excellent features and performance.",
    "shortDescription": "Nest Nest Learning Thermostat 3rd G",
    "category": {
      "$oid": "674a03d139f1f85510c3d7b2"
    },
    "categoryPath": [
      {
        "$oid": "674a03d139f1f85510c3d7b2"
      }
    ],
    "categoryNames": [
      "Home Garden"
    ],
    "tags": [
      "nest",
      "home-garden"
    ],
    "brand": "Nest",
    "manufacturer": "Nest",
    "sku": "NEST-LEARNING-THERMO-59",
    "pricing": {
      "basePrice": 249.0,
      "currency": "USD",
      "taxable": true
    },
    "inventory": {
      "stockQuantity": 86,
      "reservedQuantity": 1,
      "availableQuantity": 84,
      "lowStockThreshold": 10,
      "trackInventory": true
    },
    "hasVariants": false,
    "images": [
      {
        "url": "https://images.unsplash.com/photo-1545028521444",
        "alt": "Nest Learning Thermostat 3rd Gen",
        "position": 1,
        "isMain": true
      }
    ],
    "primaryImage": "https://images.unsplash.com/photo-1545340326183",
    "physical": {
      "weight": 3.47,
      "weightUnit": "kg",
      "dimensions": {
        "length": 10.9,
        "width": 35.1,
        "height": 5.8,
        "unit": "cm"
      }
    },
    "shipping": {
      "requiresShipping": true,
      "isFreeShipping": true,
      "shippingClass": "standard"
    },
    "status": "active",
    "publishedAt": {
      "$date": "2025-01-06T11:47:03.353081"
    },
    "moderation": {
      "status": "approved"
    },
    "condition": "new",
    "warranty": {
      "hasWarranty": true,
      "duration": 12,
      "type": "manufacturer"
    },
    "analytics": {
      "views": 1706,
      "uniqueViews": 1194,
      "addedToCart": 69,
      "purchased": 46,
      "averageRating": 4.2,
      "totalReviews": 12,
      "rating5Star": 7,
      "rating4Star": 3,
      "rating3Star": 1,
      "totalSold": 46,
      "totalRevenue": 11454.0
    },
    "isFeatured": true,
    "isBestseller": true,
    "isOnSale": false,
    "productType": "physical",
    "visibility": "public",
    "schemaVersion": 1,
    "createdAt": {
      "$date": "2025-01-06T11:47:03.353081"
    },
    "updatedAt": {
      "$date": "2025-12-07T11:47:03.353081"
    }
  },
  {
    "_id": {
      "$oid": "f09f78d8b57dd6ae954f6f75"
    },
    "sellerId": {
      "$oid": "674a03d139f1f85510c3d6bd"
    },
    "sellerInfo": {
      "name": "Tech Gadgets Central",
      "slug": "tech-gadgets-central",
      "rating": 4.5,
      "verificationStatus": "verified"
    },
    "title": "August Smart Lock Pro 3rd Gen",
    "slug": "august-smart-lock-pro-3rd-gen",
    "description": "High-quality August Smart Lock Pro 3rd Gen from August. Premium product with excellent features and performance.",
    "shortDescription": "August August Smart Lock Pro 3rd Gen",
    "category": {
      "$oid": "674a03d139f1f85510c3d7b2"
    },
    "categoryPath": [
      {
        "$oid": "674a03d139f1f85510c3d7b2"
      }
    ],
    "categoryNames": [
      "Home Garden"
    ],
    "tags": [
      "august",
      "home-garden"
    ],
    "brand": "August",
    "manufacturer": "August",
    "sku": "AUGUST-SMART-LOCK-PR-60",
    "pricing": {
      "basePrice": 279.99,
      "currency": "USD",
      "taxable": true
    },
    "inventory": {
      "stockQuantity": 25,
      "reservedQuantity": 2,
      "availableQuantity": 24,
      "lowStockThreshold": 10,
      "trackInventory": true
    },
    "hasVariants": false,
    "images": [
      {
        "url": "https://images.unsplash.com/photo-1690490452102",
        "alt": "August Smart Lock Pro 3rd Gen",
        "position": 1,
        "isMain": true
      }
    ],
    "primaryImage": "https://images.unsplash.com/photo-1594939687421",
    "physical": {
      "weight": 3.83,
      "weightUnit": "kg",
      "dimensions": {
        "length": 23.0,
        "width": 13.2,
        "height": 17.1,
        "unit": "cm"
      }
    },
    "shipping": {
      "requiresShipping": true,
      "isFreeShipping": true,
      "shippingClass": "standard"
    },
    "status": "active",
    "publishedAt": {
      "$date": "2025-07-04T11:47:03.353081"
    },
    "moderation": {
      "status": "approved"
    },
    "condition": "new",
    "warranty": {
      "hasWarranty": true,
      "duration": 12,
      "type": "manufacturer"
    },
    "analytics": {
      "views": 347,
      "uniqueViews": 242,
      "addedToCart": 31,
      "purchased": 21,
      "averageRating": 4.9,
      "totalReviews": 11,
      "rating5Star": 6,
      "rating4Star": 3,
      "rating3Star": 1,
      "totalSold": 21,
      "totalRevenue": 5879.79
    },
    "isFeatured": false,
    "isBestseller": true,
    "isOnSale": false,
    "productType": "physical",
    "visibility": "public",
    "schemaVersion": 1,
    "createdAt": {
      "$date": "2025-07-04T11:47:03.353081"
    },
    "updatedAt": {
      "$date": "2025-12-07T11:47:03.353081"
    }
  },
  {
    "_id": {
      "$oid": "c4806c21c1c929f19dc49d55"
    },
    "sellerId": {
      "$oid": "674a03d139f1f85510c3d6ba"
    },
    "sellerInfo": {
      "name": "TM Electronics Hub",
      "slug": "tm-electronics-hub",
      "rating": 4.6,
      "verificationStatus": "verified"
    },
    "title": "Dyson Airwrap Complete Hair Styler",
    "slug": "dyson-airwrap-complete-hair-styler",
    "description": "High-quality Dyson Airwrap Complete Hair Styler from Dyson. Premium product with excellent features and performance.",
    "shortDescription": "Dyson Dyson Airwrap Complete Hair St",
    "category": {
      "$oid": "674a03d139f1f85510c3d7b3"
    },
    "categoryPath": [
      {
        "$oid": "674a03d139f1f85510c3d7b3"
      }
    ],
    "categoryNames": [
      "Beauty"
    ],
    "tags": [
      "dyson",
      "beauty"
    ],
    "brand": "Dyson",
    "manufacturer": "Dyson",
    "sku": "DYSON-AIRWRAP-COMPLE-61",
    "pricing": {
      "basePrice": 599.99,
      "salePrice": 509.99,
      "currency": "USD",
      "taxable": true
    },
    "inventory": {
      "stockQuantity": 97,
      "reservedQuantity": 3,
      "availableQuantity": 96,
      "lowStockThreshold": 10,
      "trackInventory": true
    },
    "hasVariants": false,
    "images": [
      {
        "url": "https://images.unsplash.com/photo-1543260574366",
        "alt": "Dyson Airwrap Complete Hair Styler",
        "position": 1,
        "isMain": true
      }
    ],
    "primaryImage": "https://images.unsplash.com/photo-1595879902113",
    "physical": {
      "weight": 3.37,
      "weightUnit": "kg",
      "dimensions": {
        "length": 35.0,
        "width": 26.2,
        "height": 19.2,
        "unit": "cm"
      }
    },
    "shipping": {
      "requiresShipping": true,
      "isFreeShipping": true,
      "shippingClass": "standard"
    },
    "status": "active",
    "publishedAt": {
      "$date": "2025-01-10T11:47:03.353081"
    },
    "moderation": {
      "status": "approved"
    },
    "condition": "new",
    "warranty": {
      "hasWarranty": true,
      "duration": 12,
      "type": "manufacturer"
    },
    "analytics": {
      "views": 1161,
      "uniqueViews": 812,
      "addedToCart": 69,
      "purchased": 46,
      "averageRating": 4.0,
      "totalReviews": 14,
      "rating5Star": 8,
      "rating4Star": 4,
      "rating3Star": 1,
      "totalSold": 46,
      "totalRevenue": 23459.54
    },
    "isFeatured": true,
    "isBestseller": true,
    "isOnSale": true,
    "productType": "physical",
    "visibility": "public",
    "schemaVersion": 1,
    "createdAt": {
      "$date": "2025-01-10T11:47:03.353081"
    },
    "updatedAt": {
      "$date": "2025-12-07T11:47:03.353081"
    },
    "discount": {
      "isActive": true,
      "type": "percentage",
      "value": 15,
      "startDate": {
        "$date": "2025-11-01T00:00:00.000Z"
      },
      "endDate": {
        "$date": "2025-12-31T23:59:59.000Z"
      }
    }
  },
  {
    "_id": {
      "$oid": "ca14eabd8ca97035be47d11f"
    },
    "sellerId": {
      "$oid": "674a03d139f1f85510c3d6bd"
    },
    "sellerInfo": {
      "name": "Tech Gadgets Central",
      "slug": "tech-gadgets-central",
      "rating": 4.5,
      "verificationStatus": "verified"
    },
    "title": "Oral-B iO Series 9 Electric Toothbrush",
    "slug": "oral-b-io-series-9-electric-toothbrush",
    "description": "High-quality Oral-B iO Series 9 Electric Toothbrush from Oral-B. Premium product with excellent features and performance.",
    "shortDescription": "Oral-B Oral-B iO Series 9 Electric To",
    "category": {
      "$oid": "674a03d139f1f85510c3d7b3"
    },
    "categoryPath": [
      {
        "$oid": "674a03d139f1f85510c3d7b3"
      }
    ],
    "categoryNames": [
      "Beauty"
    ],
    "tags": [
      "oral-b",
      "beauty"
    ],
    "brand": "Oral-B",
    "manufacturer": "Oral-B",
    "sku": "ORAL-B-IO-SERIES-9-E-62",
    "pricing": {
      "basePrice": 299.99,
      "salePrice": 254.99,
      "currency": "USD",
      "taxable": true
    },
    "inventory": {
      "stockQuantity": 59,
      "reservedQuantity": 1,
      "availableQuantity": 57,
      "lowStockThreshold": 10,
      "trackInventory": true
    },
    "hasVariants": false,
    "images": [
      {
        "url": "https://images.unsplash.com/photo-1658607109128",
        "alt": "Oral-B iO Series 9 Electric Toothbrush",
        "position": 1,
        "isMain": true
      }
    ],
    "primaryImage": "https://images.unsplash.com/photo-1624430902426",
    "physical": {
      "weight": 2.19,
      "weightUnit": "kg",
      "dimensions": {
        "length": 27.1,
        "width": 25.1,
        "height": 12.7,
        "unit": "cm"
      }
    },
    "shipping": {
      "requiresShipping": true,
      "isFreeShipping": true,
      "shippingClass": "standard"
    },
    "status": "active",
    "publishedAt": {
      "$date": "2025-07-16T11:47:03.353081"
    },
    "moderation": {
      "status": "approved"
    },
    "condition": "new",
    "warranty": {
      "hasWarranty": true,
      "duration": 12,
      "type": "manufacturer"
    },
    "analytics": {
      "views": 1316,
      "uniqueViews": 921,
      "addedToCart": 4,
      "purchased": 3,
      "averageRating": 4.3,
      "totalReviews": 5,
      "rating5Star": 3,
      "rating4Star": 1,
      "rating3Star": 0,
      "totalSold": 3,
      "totalRevenue": 764.97
    },
    "isFeatured": true,
    "isBestseller": false,
    "isOnSale": true,
    "productType": "physical",
    "visibility": "public",
    "schemaVersion": 1,
    "createdAt": {
      "$date": "2025-07-16T11:47:03.353081"
    },
    "updatedAt": {
      "$date": "2025-12-07T11:47:03.353081"
    },
    "discount": {
      "isActive": true,
      "type": "percentage",
      "value": 15,
      "startDate": {
        "$date": "2025-11-01T00:00:00.000Z"
      },
      "endDate": {
        "$date": "2025-12-31T23:59:59.000Z"
      }
    }
  },
  {
    "_id": {
      "$oid": "fa6af16c1ecea8b5c8e57610"
    },
    "sellerId": {
      "$oid": "674a03d139f1f85510c3d6ba"
    },
    "sellerInfo": {
      "name": "TM Electronics Hub",
      "slug": "tm-electronics-hub",
      "rating": 4.6,
      "verificationStatus": "verified"
    },
    "title": "Philips Norelco 9000 Series Shaver",
    "slug": "philips-norelco-9000-series-shaver",
    "description": "High-quality Philips Norelco 9000 Series Shaver from Philips. Premium product with excellent features and performance.",
    "shortDescription": "Philips Philips Norelco 9000 Series Sh",
    "category": {
      "$oid": "674a03d139f1f85510c3d7b3"
    },
    "categoryPath": [
      {
        "$oid": "674a03d139f1f85510c3d7b3"
      }
    ],
    "categoryNames": [
      "Beauty"
    ],
    "tags": [
      "philips",
      "beauty"
    ],
    "brand": "Philips",
    "manufacturer": "Philips",
    "sku": "PHILIPS-NORELCO-9000-63",
    "pricing": {
      "basePrice": 329.99,
      "currency": "USD",
      "taxable": true
    },
    "inventory": {
      "stockQuantity": 84,
      "reservedQuantity": 3,
      "availableQuantity": 83,
      "lowStockThreshold": 10,
      "trackInventory": true
    },
    "hasVariants": false,
    "images": [
      {
        "url": "https://images.unsplash.com/photo-1570217172497",
        "alt": "Philips Norelco 9000 Series Shaver",
        "position": 1,
        "isMain": true
      }
    ],
    "primaryImage": "https://images.unsplash.com/photo-1562079235441",
    "physical": {
      "weight": 1.77,
      "weightUnit": "kg",
      "dimensions": {
        "length": 36.7,
        "width": 12.8,
        "height": 17.9,
        "unit": "cm"
      }
    },
    "shipping": {
      "requiresShipping": true,
      "isFreeShipping": true,
      "shippingClass": "standard"
    },
    "status": "active",
    "publishedAt": {
      "$date": "2025-02-21T11:47:03.353081"
    },
    "moderation": {
      "status": "approved"
    },
    "condition": "new",
    "warranty": {
      "hasWarranty": true,
      "duration": 12,
      "type": "manufacturer"
    },
    "analytics": {
      "views": 1556,
      "uniqueViews": 1089,
      "addedToCart": 16,
      "purchased": 11,
      "averageRating": 4.6,
      "totalReviews": 24,
      "rating5Star": 14,
      "rating4Star": 7,
      "rating3Star": 2,
      "totalSold": 11,
      "totalRevenue": 3629.89
    },
    "isFeatured": false,
    "isBestseller": false,
    "isOnSale": false,
    "productType": "physical",
    "visibility": "public",
    "schemaVersion": 1,
    "createdAt": {
      "$date": "2025-02-21T11:47:03.353081"
    },
    "updatedAt": {
      "$date": "2025-12-07T11:47:03.353081"
    }
  },
  {
    "_id": {
      "$oid": "64594a263cb3bdacd1577399"
    },
    "sellerId": {
      "$oid": "674a03d139f1f85510c3d6bd"
    },
    "sellerInfo": {
      "name": "Tech Gadgets Central",
      "slug": "tech-gadgets-central",
      "rating": 4.5,
      "verificationStatus": "verified"
    },
    "title": "Foreo Luna 3 Facial Cleansing Brush",
    "slug": "foreo-luna-3-facial-cleansing-brush",
    "description": "High-quality Foreo Luna 3 Facial Cleansing Brush from Foreo. Premium product with excellent features and performance.",
    "shortDescription": "Foreo Foreo Luna 3 Facial Cleansing ",
    "category": {
      "$oid": "674a03d139f1f85510c3d7b3"
    },
    "categoryPath": [
      {
        "$oid": "674a03d139f1f85510c3d7b3"
      }
    ],
    "categoryNames": [
      "Beauty"
    ],
    "tags": [
      "foreo",
      "beauty"
    ],
    "brand": "Foreo",
    "manufacturer": "Foreo",
    "sku": "FOREO-LUNA-3-FACIAL--64",
    "pricing": {
      "basePrice": 199.0,
      "salePrice": 169.15,
      "currency": "USD",
      "taxable": true
    },
    "inventory": {
      "stockQuantity": 50,
      "reservedQuantity": 2,
      "availableQuantity": 48,
      "lowStockThreshold": 10,
      "trackInventory": true
    },
    "hasVariants": false,
    "images": [
      {
        "url": "https://images.unsplash.com/photo-1552479605168",
        "alt": "Foreo Luna 3 Facial Cleansing Brush",
        "position": 1,
        "isMain": true
      }
    ],
    "primaryImage": "https://images.unsplash.com/photo-1608481582407",
    "physical": {
      "weight": 0.49,
      "weightUnit": "kg",
      "dimensions": {
        "length": 20.5,
        "width": 28.7,
        "height": 9.5,
        "unit": "cm"
      }
    },
    "shipping": {
      "requiresShipping": true,
      "isFreeShipping": true,
      "shippingClass": "standard"
    },
    "status": "active",
    "publishedAt": {
      "$date": "2025-04-25T11:47:03.353081"
    },
    "moderation": {
      "status": "approved"
    },
    "condition": "new",
    "warranty": {
      "hasWarranty": true,
      "duration": 12,
      "type": "manufacturer"
    },
    "analytics": {
      "views": 151,
      "uniqueViews": 105,
      "addedToCart": 19,
      "purchased": 13,
      "averageRating": 4.1,
      "totalReviews": 17,
      "rating5Star": 10,
      "rating4Star": 5,
      "rating3Star": 1,
      "totalSold": 13,
      "totalRevenue": 2198.95
    },
    "isFeatured": true,
    "isBestseller": false,
    "isOnSale": true,
    "productType": "physical",
    "visibility": "public",
    "schemaVersion": 1,
    "createdAt": {
      "$date": "2025-04-25T11:47:03.353081"
    },
    "updatedAt": {
      "$date": "2025-12-07T11:47:03.353081"
    },
    "discount": {
      "isActive": true,
      "type": "percentage",
      "value": 15,
      "startDate": {
        "$date": "2025-11-01T00:00:00.000Z"
      },
      "endDate": {
        "$date": "2025-12-31T23:59:59.000Z"
      }
    }
  },
  {
    "_id": {
      "$oid": "7abdf23d26e71ff5dec414db"
    },
    "sellerId": {
      "$oid": "674a03d139f1f85510c3d6ba"
    },
    "sellerInfo": {
      "name": "TM Electronics Hub",
      "slug": "tm-electronics-hub",
      "rating": 4.6,
      "verificationStatus": "verified"
    },
    "title": "NuFace Mini Facial Toning Device",
    "slug": "nuface-mini-facial-toning-device",
    "description": "High-quality NuFace Mini Facial Toning Device from NuFace. Premium product with excellent features and performance.",
    "shortDescription": "NuFace NuFace Mini Facial Toning Devi",
    "category": {
      "$oid": "674a03d139f1f85510c3d7b3"
    },
    "categoryPath": [
      {
        "$oid": "674a03d139f1f85510c3d7b3"
      }
    ],
    "categoryNames": [
      "Beauty"
    ],
    "tags": [
      "nuface",
      "beauty"
    ],
    "brand": "NuFace",
    "manufacturer": "NuFace",
    "sku": "NUFACE-MINI-FACIAL-T-65",
    "pricing": {
      "basePrice": 209.0,
      "currency": "USD",
      "taxable": true
    },
    "inventory": {
      "stockQuantity": 45,
      "reservedQuantity": 2,
      "availableQuantity": 44,
      "lowStockThreshold": 10,
      "trackInventory": true
    },
    "hasVariants": false,
    "images": [
      {
        "url": "https://images.unsplash.com/photo-1535942327999",
        "alt": "NuFace Mini Facial Toning Device",
        "position": 1,
        "isMain": true
      }
    ],
    "primaryImage": "https://images.unsplash.com/photo-1695129484308",
    "physical": {
      "weight": 3.27,
      "weightUnit": "kg",
      "dimensions": {
        "length": 31.5,
        "width": 39.1,
        "height": 10.9,
        "unit": "cm"
      }
    },
    "shipping": {
      "requiresShipping": true,
      "isFreeShipping": true,
      "shippingClass": "standard"
    },
    "status": "active",
    "publishedAt": {
      "$date": "2025-06-28T11:47:03.353081"
    },
    "moderation": {
      "status": "approved"
    },
    "condition": "new",
    "warranty": {
      "hasWarranty": true,
      "duration": 12,
      "type": "manufacturer"
    },
    "analytics": {
      "views": 1577,
      "uniqueViews": 1103,
      "addedToCart": 40,
      "purchased": 27,
      "averageRating": 4.3,
      "totalReviews": 11,
      "rating5Star": 6,
      "rating4Star": 3,
      "rating3Star": 1,
      "totalSold": 27,
      "totalRevenue": 5643.0
    },
    "isFeatured": false,
    "isBestseller": true,
    "isOnSale": false,
    "productType": "physical",
    "visibility": "public",
    "schemaVersion": 1,
    "createdAt": {
      "$date": "2025-06-28T11:47:03.353081"
    },
    "updatedAt": {
      "$date": "2025-12-07T11:47:03.353081"
    }
  },
  {
    "_id": {
      "$oid": "421e520c8305d8b048069e48"
    },
    "sellerId": {
      "$oid": "674a03d139f1f85510c3d6bd"
    },
    "sellerInfo": {
      "name": "Tech Gadgets Central",
      "slug": "tech-gadgets-central",
      "rating": 4.5,
      "verificationStatus": "verified"
    },
    "title": "Revlon One-Step Volumizer Hair Dryer",
    "slug": "revlon-one-step-volumizer-hair-dryer",
    "description": "High-quality Revlon One-Step Volumizer Hair Dryer from Revlon. Premium product with excellent features and performance.",
    "shortDescription": "Revlon Revlon One-Step Volumizer Hair",
    "category": {
      "$oid": "674a03d139f1f85510c3d7b3"
    },
    "categoryPath": [
      {
        "$oid": "674a03d139f1f85510c3d7b3"
      }
    ],
    "categoryNames": [
      "Beauty"
    ],
    "tags": [
      "revlon",
      "beauty"
    ],
    "brand": "Revlon",
    "manufacturer": "Revlon",
    "sku": "REVLON-ONE-STEP-VOLU-66",
    "pricing": {
      "basePrice": 59.99,
      "currency": "USD",
      "taxable": true
    },
    "inventory": {
      "stockQuantity": 8,
      "reservedQuantity": 1,
      "availableQuantity": 6,
      "lowStockThreshold": 10,
      "trackInventory": true
    },
    "hasVariants": false,
    "images": [
      {
        "url": "https://images.unsplash.com/photo-1549243682442",
        "alt": "Revlon One-Step Volumizer Hair Dryer",
        "position": 1,
        "isMain": true
      }
    ],
    "primaryImage": "https://images.unsplash.com/photo-1634131463196",
    "physical": {
      "weight": 3.67,
      "weightUnit": "kg",
      "dimensions": {
        "length": 31.1,
        "width": 24.5,
        "height": 14.3,
        "unit": "cm"
      }
    },
    "shipping": {
      "requiresShipping": true,
      "isFreeShipping": true,
      "shippingClass": "standard"
    },
    "status": "active",
    "publishedAt": {
      "$date": "2025-10-10T11:47:03.353081"
    },
    "moderation": {
      "status": "approved"
    },
    "condition": "new",
    "warranty": {
      "hasWarranty": true,
      "duration": 12,
      "type": "manufacturer"
    },
    "analytics": {
      "views": 651,
      "uniqueViews": 455,
      "addedToCart": 22,
      "purchased": 15,
      "averageRating": 4.0,
      "totalReviews": 8,
      "rating5Star": 4,
      "rating4Star": 2,
      "rating3Star": 0,
      "totalSold": 15,
      "totalRevenue": 899.85
    },
    "isFeatured": false,
    "isBestseller": false,
    "isOnSale": false,
    "productType": "physical",
    "visibility": "public",
    "schemaVersion": 1,
    "createdAt": {
      "$date": "2025-10-10T11:47:03.353081"
    },
    "updatedAt": {
      "$date": "2025-12-07T11:47:03.353081"
    }
  },
  {
    "_id": {
      "$oid": "2f1dcfad3dc465f66b6dcf43"
    },
    "sellerId": {
      "$oid": "674a03d139f1f85510c3d6ba"
    },
    "sellerInfo": {
      "name": "TM Electronics Hub",
      "slug": "tm-electronics-hub",
      "rating": 4.6,
      "verificationStatus": "verified"
    },
    "title": "Braun Series 9 Pro Electric Shaver",
    "slug": "braun-series-9-pro-electric-shaver",
    "description": "High-quality Braun Series 9 Pro Electric Shaver from Braun. Premium product with excellent features and performance.",
    "shortDescription": "Braun Braun Series 9 Pro Electric Sh",
    "category": {
      "$oid": "674a03d139f1f85510c3d7b3"
    },
    "categoryPath": [
      {
        "$oid": "674a03d139f1f85510c3d7b3"
      }
    ],
    "categoryNames": [
      "Beauty"
    ],
    "tags": [
      "braun",
      "beauty"
    ],
    "brand": "Braun",
    "manufacturer": "Braun",
    "sku": "BRAUN-SERIES-9-PRO-E-67",
    "pricing": {
      "basePrice": 339.99,
      "salePrice": 288.99,
      "currency": "USD",
      "taxable": true
    },
    "inventory": {
      "stockQuantity": 87,
      "reservedQuantity": 1,
      "availableQuantity": 86,
      "lowStockThreshold": 10,
      "trackInventory": true
    },
    "hasVariants": false,
    "images": [
      {
        "url": "https://images.unsplash.com/photo-1602019779578",
        "alt": "Braun Series 9 Pro Electric Shaver",
        "position": 1,
        "isMain": true
      }
    ],
    "primaryImage": "https://images.unsplash.com/photo-1533076688852",
    "physical": {
      "weight": 3.99,
      "weightUnit": "kg",
      "dimensions": {
        "length": 33.4,
        "width": 28.9,
        "height": 9.9,
        "unit": "cm"
      }
    },
    "shipping": {
      "requiresShipping": true,
      "isFreeShipping": true,
      "shippingClass": "standard"
    },
    "status": "active",
    "publishedAt": {
      "$date": "2024-12-19T11:47:03.353081"
    },
    "moderation": {
      "status": "approved"
    },
    "condition": "new",
    "warranty": {
      "hasWarranty": true,
      "duration": 12,
      "type": "manufacturer"
    },
    "analytics": {
      "views": 638,
      "uniqueViews": 446,
      "addedToCart": 43,
      "purchased": 29,
      "averageRating": 4.0,
      "totalReviews": 17,
      "rating5Star": 10,
      "rating4Star": 5,
      "rating3Star": 1,
      "totalSold": 29,
      "totalRevenue": 8380.71
    },
    "isFeatured": true,
    "isBestseller": true,
    "isOnSale": true,
    "productType": "physical",
    "visibility": "public",
    "schemaVersion": 1,
    "createdAt": {
      "$date": "2024-12-19T11:47:03.353081"
    },
    "updatedAt": {
      "$date": "2025-12-07T11:47:03.353081"
    },
    "discount": {
      "isActive": true,
      "type": "percentage",
      "value": 15,
      "startDate": {
        "$date": "2025-11-01T00:00:00.000Z"
      },
      "endDate": {
        "$date": "2025-12-31T23:59:59.000Z"
      }
    }
  },
  {
    "_id": {
      "$oid": "1e72e7b3315c3c4437b335d2"
    },
    "sellerId": {
      "$oid": "674a03d139f1f85510c3d6bd"
    },
    "sellerInfo": {
      "name": "Tech Gadgets Central",
      "slug": "tech-gadgets-central",
      "rating": 4.5,
      "verificationStatus": "verified"
    },
    "title": "Waterpik Aquarius Water Flosser",
    "slug": "waterpik-aquarius-water-flosser",
    "description": "High-quality Waterpik Aquarius Water Flosser from Waterpik. Premium product with excellent features and performance.",
    "shortDescription": "Waterpik Waterpik Aquarius Water Flosse",
    "category": {
      "$oid": "674a03d139f1f85510c3d7b3"
    },
    "categoryPath": [
      {
        "$oid": "674a03d139f1f85510c3d7b3"
      }
    ],
    "categoryNames": [
      "Beauty"
    ],
    "tags": [
      "waterpik",
      "beauty"
    ],
    "brand": "Waterpik",
    "manufacturer": "Waterpik",
    "sku": "WATERPIK-AQUARIUS-WA-68",
    "pricing": {
      "basePrice": 79.99,
      "salePrice": 67.99,
      "currency": "USD",
      "taxable": true
    },
    "inventory": {
      "stockQuantity": 37,
      "reservedQuantity": 3,
      "availableQuantity": 35,
      "lowStockThreshold": 10,
      "trackInventory": true
    },
    "hasVariants": false,
    "images": [
      {
        "url": "https://images.unsplash.com/photo-1565057435700",
        "alt": "Waterpik Aquarius Water Flosser",
        "position": 1,
        "isMain": true
      }
    ],
    "primaryImage": "https://images.unsplash.com/photo-1691888316417",
    "physical": {
      "weight": 2.08,
      "weightUnit": "kg",
      "dimensions": {
        "length": 13.7,
        "width": 26.1,
        "height": 6.6,
        "unit": "cm"
      }
    },
    "shipping": {
      "requiresShipping": true,
      "isFreeShipping": true,
      "shippingClass": "standard"
    },
    "status": "active",
    "publishedAt": {
      "$date": "2025-10-02T11:47:03.353081"
    },
    "moderation": {
      "status": "approved"
    },
    "condition": "new",
    "warranty": {
      "hasWarranty": true,
      "duration": 12,
      "type": "manufacturer"
    },
    "analytics": {
      "views": 558,
      "uniqueViews": 390,
      "addedToCart": 33,
      "purchased": 22,
      "averageRating": 4.6,
      "totalReviews": 15,
      "rating5Star": 9,
      "rating4Star": 4,
      "rating3Star": 1,
      "totalSold": 22,
      "totalRevenue": 1495.78
    },
    "isFeatured": true,
    "isBestseller": true,
    "isOnSale": true,
    "productType": "physical",
    "visibility": "public",
    "schemaVersion": 1,
    "createdAt": {
      "$date": "2025-10-02T11:47:03.353081"
    },
    "updatedAt": {
      "$date": "2025-12-07T11:47:03.353081"
    },
    "discount": {
      "isActive": true,
      "type": "percentage",
      "value": 15,
      "startDate": {
        "$date": "2025-11-01T00:00:00.000Z"
      },
      "endDate": {
        "$date": "2025-12-31T23:59:59.000Z"
      }
    }
  },
  {
    "_id": {
      "$oid": "fa7ec5a6f73cc19a927ac947"
    },
    "sellerId": {
      "$oid": "674a03d139f1f85510c3d6ba"
    },
    "sellerInfo": {
      "name": "TM Electronics Hub",
      "slug": "tm-electronics-hub",
      "rating": 4.6,
      "verificationStatus": "verified"
    },
    "title": "Peloton Bike+ with Auto-Follow Resistance",
    "slug": "peloton-bike+-with-auto-follow-resistance",
    "description": "High-quality Peloton Bike+ with Auto-Follow Resistance from Peloton. Premium product with excellent features and performance.",
    "shortDescription": "Peloton Peloton Bike+ with Auto-Follow",
    "category": {
      "$oid": "674a03d139f1f85510c3d7b4"
    },
    "categoryPath": [
      {
        "$oid": "674a03d139f1f85510c3d7b4"
      }
    ],
    "categoryNames": [
      "Sports"
    ],
    "tags": [
      "peloton",
      "sports"
    ],
    "brand": "Peloton",
    "manufacturer": "Peloton",
    "sku": "PELOTON-BIKE+-WITH-A-69",
    "pricing": {
      "basePrice": 2495.0,
      "currency": "USD",
      "taxable": true
    },
    "inventory": {
      "stockQuantity": 27,
      "reservedQuantity": 2,
      "availableQuantity": 27,
      "lowStockThreshold": 10,
      "trackInventory": true
    },
    "hasVariants": false,
    "images": [
      {
        "url": "https://images.unsplash.com/photo-1518194653415",
        "alt": "Peloton Bike+ with Auto-Follow Resistance",
        "position": 1,
        "isMain": true
      }
    ],
    "primaryImage": "https://images.unsplash.com/photo-1598928680261",
    "physical": {
      "weight": 2.35,
      "weightUnit": "kg",
      "dimensions": {
        "length": 49.8,
        "width": 33.2,
        "height": 2.6,
        "unit": "cm"
      }
    },
    "shipping": {
      "requiresShipping": true,
      "isFreeShipping": true,
      "shippingClass": "standard"
    },
    "status": "active",
    "publishedAt": {
      "$date": "2025-05-25T11:47:03.353081"
    },
    "moderation": {
      "status": "approved"
    },
    "condition": "new",
    "warranty": {
      "hasWarranty": true,
      "duration": 12,
      "type": "manufacturer"
    },
    "analytics": {
      "views": 1572,
      "uniqueViews": 1100,
      "addedToCart": 66,
      "purchased": 44,
      "averageRating": 4.2,
      "totalReviews": 11,
      "rating5Star": 6,
      "rating4Star": 3,
      "rating3Star": 1,
      "totalSold": 44,
      "totalRevenue": 109780.0
    },
    "isFeatured": true,
    "isBestseller": true,
    "isOnSale": false,
    "productType": "physical",
    "visibility": "public",
    "schemaVersion": 1,
    "createdAt": {
      "$date": "2025-05-25T11:47:03.353081"
    },
    "updatedAt": {
      "$date": "2025-12-07T11:47:03.353081"
    }
  },
  {
    "_id": {
      "$oid": "046a6a89b7fee1f9369e6930"
    },
    "sellerId": {
      "$oid": "674a03d139f1f85510c3d6bd"
    },
    "sellerInfo": {
      "name": "Tech Gadgets Central",
      "slug": "tech-gadgets-central",
      "rating": 4.5,
      "verificationStatus": "verified"
    },
    "title": "Bowflex SelectTech 552 Adjustable Dumbbells",
    "slug": "bowflex-selecttech-552-adjustable-dumbbells",
    "description": "High-quality Bowflex SelectTech 552 Adjustable Dumbbells from Bowflex. Premium product with excellent features and performance.",
    "shortDescription": "Bowflex Bowflex SelectTech 552 Adjusta",
    "category": {
      "$oid": "674a03d139f1f85510c3d7b4"
    },
    "categoryPath": [
      {
        "$oid": "674a03d139f1f85510c3d7b4"
      }
    ],
    "categoryNames": [
      "Sports"
    ],
    "tags": [
      "bowflex",
      "sports"
    ],
    "brand": "Bowflex",
    "manufacturer": "Bowflex",
    "sku": "BOWFLEX-SELECTTECH-5-70",
    "pricing": {
      "basePrice": 399.0,
      "currency": "USD",
      "taxable": true
    },
    "inventory": {
      "stockQuantity": 91,
      "reservedQuantity": 3,
      "availableQuantity": 90,
      "lowStockThreshold": 10,
      "trackInventory": true
    },
    "hasVariants": false,
    "images": [
      {
        "url": "https://images.unsplash.com/photo-1526442057723",
        "alt": "Bowflex SelectTech 552 Adjustable Dumbbells",
        "position": 1,
        "isMain": true
      }
    ],
    "primaryImage": "https://images.unsplash.com/photo-1639097075169",
    "physical": {
      "weight": 1.36,
      "weightUnit": "kg",
      "dimensions": {
        "length": 18.0,
        "width": 18.4,
        "height": 8.4,
        "unit": "cm"
      }
    },
    "shipping": {
      "requiresShipping": true,
      "isFreeShipping": true,
      "shippingClass": "standard"
    },
    "status": "active",
    "publishedAt": {
      "$date": "2024-12-29T11:47:03.353081"
    },
    "moderation": {
      "status": "approved"
    },
    "condition": "new",
    "warranty": {
      "hasWarranty": true,
      "duration": 12,
      "type": "manufacturer"
    },
    "analytics": {
      "views": 332,
      "uniqueViews": 232,
      "addedToCart": 55,
      "purchased": 37,
      "averageRating": 4.3,
      "totalReviews": 28,
      "rating5Star": 16,
      "rating4Star": 8,
      "rating3Star": 2,
      "totalSold": 37,
      "totalRevenue": 14763.0
    },
    "isFeatured": false,
    "isBestseller": true,
    "isOnSale": false,
    "productType": "physical",
    "visibility": "public",
    "schemaVersion": 1,
    "createdAt": {
      "$date": "2024-12-29T11:47:03.353081"
    },
    "updatedAt": {
      "$date": "2025-12-07T11:47:03.353081"
    }
  },
  {
    "_id": {
      "$oid": "1f52556c493e8b43b8df2baf"
    },
    "sellerId": {
      "$oid": "674a03d139f1f85510c3d6ba"
    },
    "sellerInfo": {
      "name": "TM Electronics Hub",
      "slug": "tm-electronics-hub",
      "rating": 4.6,
      "verificationStatus": "verified"
    },
    "title": "TRX HOME2 Suspension Training System",
    "slug": "trx-home2-suspension-training-system",
    "description": "High-quality TRX HOME2 Suspension Training System from TRX. Premium product with excellent features and performance.",
    "shortDescription": "TRX TRX HOME2 Suspension Training ",
    "category": {
      "$oid": "674a03d139f1f85510c3d7b4"
    },
    "categoryPath": [
      {
        "$oid": "674a03d139f1f85510c3d7b4"
      }
    ],
    "categoryNames": [
      "Sports"
    ],
    "tags": [
      "trx",
      "sports"
    ],
    "brand": "TRX",
    "manufacturer": "TRX",
    "sku": "TRX-HOME2-SUSPENSION-71",
    "pricing": {
      "basePrice": 169.95,
      "currency": "USD",
      "taxable": true
    },
    "inventory": {
      "stockQuantity": 18,
      "reservedQuantity": 3,
      "availableQuantity": 18,
      "lowStockThreshold": 10,
      "trackInventory": true
    },
    "hasVariants": false,
    "images": [
      {
        "url": "https://images.unsplash.com/photo-1519410492980",
        "alt": "TRX HOME2 Suspension Training System",
        "position": 1,
        "isMain": true
      }
    ],
    "primaryImage": "https://images.unsplash.com/photo-1511570512397",
    "physical": {
      "weight": 0.3,
      "weightUnit": "kg",
      "dimensions": {
        "length": 10.2,
        "width": 32.5,
        "height": 19.6,
        "unit": "cm"
      }
    },
    "shipping": {
      "requiresShipping": true,
      "isFreeShipping": true,
      "shippingClass": "standard"
    },
    "status": "active",
    "publishedAt": {
      "$date": "2024-12-29T11:47:03.353081"
    },
    "moderation": {
      "status": "approved"
    },
    "condition": "new",
    "warranty": {
      "hasWarranty": true,
      "duration": 12,
      "type": "manufacturer"
    },
    "analytics": {
      "views": 1891,
      "uniqueViews": 1323,
      "addedToCart": 45,
      "purchased": 30,
      "averageRating": 4.5,
      "totalReviews": 0,
      "rating5Star": 0,
      "rating4Star": 0,
      "rating3Star": 0,
      "totalSold": 30,
      "totalRevenue": 5098.5
    },
    "isFeatured": false,
    "isBestseller": true,
    "isOnSale": false,
    "productType": "physical",
    "visibility": "public",
    "schemaVersion": 1,
    "createdAt": {
      "$date": "2024-12-29T11:47:03.353081"
    },
    "updatedAt": {
      "$date": "2025-12-07T11:47:03.353081"
    }
  },
  {
    "_id": {
      "$oid": "1b7d8795586f6ad14fc56b92"
    },
    "sellerId": {
      "$oid": "674a03d139f1f85510c3d6bd"
    },
    "sellerInfo": {
      "name": "Tech Gadgets Central",
      "slug": "tech-gadgets-central",
      "rating": 4.5,
      "verificationStatus": "verified"
    },
    "title": "Hydro Flask 32 oz Wide Mouth Bottle",
    "slug": "hydro-flask-32-oz-wide-mouth-bottle",
    "description": "High-quality Hydro Flask 32 oz Wide Mouth Bottle from Hydro Flask. Premium product with excellent features and performance.",
    "shortDescription": "Hydro Flask Hydro Flask 32 oz Wide Mouth B",
    "category": {
      "$oid": "674a03d139f1f85510c3d7b4"
    },
    "categoryPath": [
      {
        "$oid": "674a03d139f1f85510c3d7b4"
      }
    ],
    "categoryNames": [
      "Sports"
    ],
    "tags": [
      "hydro flask",
      "sports"
    ],
    "brand": "Hydro Flask",
    "manufacturer": "Hydro Flask",
    "sku": "HYDRO-FLASK-32-OZ-WI-72",
    "pricing": {
      "basePrice": 44.95,
      "salePrice": 38.21,
      "currency": "USD",
      "taxable": true
    },
    "inventory": {
      "stockQuantity": 91,
      "reservedQuantity": 0,
      "availableQuantity": 91,
      "lowStockThreshold": 10,
      "trackInventory": true
    },
    "hasVariants": false,
    "images": [
      {
        "url": "https://images.unsplash.com/photo-1678781087600",
        "alt": "Hydro Flask 32 oz Wide Mouth Bottle",
        "position": 1,
        "isMain": true
      }
    ],
    "primaryImage": "https://images.unsplash.com/photo-1687813566159",
    "physical": {
      "weight": 0.36,
      "weightUnit": "kg",
      "dimensions": {
        "length": 19.4,
        "width": 21.3,
        "height": 5.1,
        "unit": "cm"
      }
    },
    "shipping": {
      "requiresShipping": true,
      "isFreeShipping": false,
      "shippingClass": "standard"
    },
    "status": "active",
    "publishedAt": {
      "$date": "2025-03-30T11:47:03.353081"
    },
    "moderation": {
      "status": "approved"
    },
    "condition": "new",
    "warranty": {
      "hasWarranty": true,
      "duration": 12,
      "type": "manufacturer"
    },
    "analytics": {
      "views": 605,
      "uniqueViews": 423,
      "addedToCart": 66,
      "purchased": 44,
      "averageRating": 4.4,
      "totalReviews": 9,
      "rating5Star": 5,
      "rating4Star": 2,
      "rating3Star": 0,
      "totalSold": 44,
      "totalRevenue": 1681.24
    },
    "isFeatured": false,
    "isBestseller": true,
    "isOnSale": true,
    "productType": "physical",
    "visibility": "public",
    "schemaVersion": 1,
    "createdAt": {
      "$date": "2025-03-30T11:47:03.353081"
    },
    "updatedAt": {
      "$date": "2025-12-07T11:47:03.353081"
    },
    "discount": {
      "isActive": true,
      "type": "percentage",
      "value": 15,
      "startDate": {
        "$date": "2025-11-01T00:00:00.000Z"
      },
      "endDate": {
        "$date": "2025-12-31T23:59:59.000Z"
      }
    }
  },
  {
    "_id": {
      "$oid": "6dfda8a2ffd55b20223fc00f"
    },
    "sellerId": {
      "$oid": "674a03d139f1f85510c3d6ba"
    },
    "sellerInfo": {
      "name": "TM Electronics Hub",
      "slug": "tm-electronics-hub",
      "rating": 4.6,
      "verificationStatus": "verified"
    },
    "title": "YETI Tundra 45 Cooler",
    "slug": "yeti-tundra-45-cooler",
    "description": "High-quality YETI Tundra 45 Cooler from YETI. Premium product with excellent features and performance.",
    "shortDescription": "YETI YETI Tundra 45 Cooler",
    "category": {
      "$oid": "674a03d139f1f85510c3d7b4"
    },
    "categoryPath": [
      {
        "$oid": "674a03d139f1f85510c3d7b4"
      }
    ],
    "categoryNames": [
      "Sports"
    ],
    "tags": [
      "yeti",
      "sports"
    ],
    "brand": "YETI",
    "manufacturer": "YETI",
    "sku": "YETI-TUNDRA-45-COOLE-73",
    "pricing": {
      "basePrice": 325.0,
      "salePrice": 276.25,
      "currency": "USD",
      "taxable": true
    },
    "inventory": {
      "stockQuantity": 96,
      "reservedQuantity": 0,
      "availableQuantity": 94,
      "lowStockThreshold": 10,
      "trackInventory": true
    },
    "hasVariants": false,
    "images": [
      {
        "url": "https://images.unsplash.com/photo-1657655134878",
        "alt": "YETI Tundra 45 Cooler",
        "position": 1,
        "isMain": true
      }
    ],
    "primaryImage": "https://images.unsplash.com/photo-1684345102765",
    "physical": {
      "weight": 1.72,
      "weightUnit": "kg",
      "dimensions": {
        "length": 23.4,
        "width": 19.1,
        "height": 9.4,
        "unit": "cm"
      }
    },
    "shipping": {
      "requiresShipping": true,
      "isFreeShipping": true,
      "shippingClass": "standard"
    },
    "status": "active",
    "publishedAt": {
      "$date": "2025-05-30T11:47:03.353081"
    },
    "moderation": {
      "status": "approved"
    },
    "condition": "new",
    "warranty": {
      "hasWarranty": true,
      "duration": 12,
      "type": "manufacturer"
    },
    "analytics": {
      "views": 1656,
      "uniqueViews": 1159,
      "addedToCart": 7,
      "purchased": 5,
      "averageRating": 4.9,
      "totalReviews": 10,
      "rating5Star": 6,
      "rating4Star": 3,
      "rating3Star": 1,
      "totalSold": 5,
      "totalRevenue": 1381.25
    },
    "isFeatured": true,
    "isBestseller": false,
    "isOnSale": true,
    "productType": "physical",
    "visibility": "public",
    "schemaVersion": 1,
    "createdAt": {
      "$date": "2025-05-30T11:47:03.353081"
    },
    "updatedAt": {
      "$date": "2025-12-07T11:47:03.354082"
    },
    "discount": {
      "isActive": true,
      "type": "percentage",
      "value": 15,
      "startDate": {
        "$date": "2025-11-01T00:00:00.000Z"
      },
      "endDate": {
        "$date": "2025-12-31T23:59:59.000Z"
      }
    }
  },
  {
    "_id": {
      "$oid": "2cea09ee9fad67ade4001c34"
    },
    "sellerId": {
      "$oid": "674a03d139f1f85510c3d6bd"
    },
    "sellerInfo": {
      "name": "Tech Gadgets Central",
      "slug": "tech-gadgets-central",
      "rating": 4.5,
      "verificationStatus": "verified"
    },
    "title": "Coleman Sundome 4-Person Tent",
    "slug": "coleman-sundome-4-person-tent",
    "description": "High-quality Coleman Sundome 4-Person Tent from Coleman. Premium product with excellent features and performance.",
    "shortDescription": "Coleman Coleman Sundome 4-Person Tent",
    "category": {
      "$oid": "674a03d139f1f85510c3d7b4"
    },
    "categoryPath": [
      {
        "$oid": "674a03d139f1f85510c3d7b4"
      }
    ],
    "categoryNames": [
      "Sports"
    ],
    "tags": [
      "coleman",
      "sports"
    ],
    "brand": "Coleman",
    "manufacturer": "Coleman",
    "sku": "COLEMAN-SUNDOME-4-PE-74",
    "pricing": {
      "basePrice": 79.99,
      "salePrice": 67.99,
      "currency": "USD",
      "taxable": true
    },
    "inventory": {
      "stockQuantity": 46,
      "reservedQuantity": 3,
      "availableQuantity": 45,
      "lowStockThreshold": 10,
      "trackInventory": true
    },
    "hasVariants": false,
    "images": [
      {
        "url": "https://images.unsplash.com/photo-1588619348891",
        "alt": "Coleman Sundome 4-Person Tent",
        "position": 1,
        "isMain": true
      }
    ],
    "primaryImage": "https://images.unsplash.com/photo-1696284085498",
    "physical": {
      "weight": 1.47,
      "weightUnit": "kg",
      "dimensions": {
        "length": 18.4,
        "width": 16.8,
        "height": 3.2,
        "unit": "cm"
      }
    },
    "shipping": {
      "requiresShipping": true,
      "isFreeShipping": true,
      "shippingClass": "standard"
    },
    "status": "active",
    "publishedAt": {
      "$date": "2024-12-27T11:47:03.354082"
    },
    "moderation": {
      "status": "approved"
    },
    "condition": "new",
    "warranty": {
      "hasWarranty": true,
      "duration": 12,
      "type": "manufacturer"
    },
    "analytics": {
      "views": 1900,
      "uniqueViews": 1330,
      "addedToCart": 25,
      "purchased": 17,
      "averageRating": 4.7,
      "totalReviews": 4,
      "rating5Star": 2,
      "rating4Star": 1,
      "rating3Star": 0,
      "totalSold": 17,
      "totalRevenue": 1155.83
    },
    "isFeatured": false,
    "isBestseller": false,
    "isOnSale": true,
    "productType": "physical",
    "visibility": "public",
    "schemaVersion": 1,
    "createdAt": {
      "$date": "2024-12-27T11:47:03.354082"
    },
    "updatedAt": {
      "$date": "2025-12-07T11:47:03.354082"
    },
    "discount": {
      "isActive": true,
      "type": "percentage",
      "value": 15,
      "startDate": {
        "$date": "2025-11-01T00:00:00.000Z"
      },
      "endDate": {
        "$date": "2025-12-31T23:59:59.000Z"
      }
    }
  },
  {
    "_id": {
      "$oid": "04df86f41947fae8a2a13b9c"
    },
    "sellerId": {
      "$oid": "674a03d139f1f85510c3d6ba"
    },
    "sellerInfo": {
      "name": "TM Electronics Hub",
      "slug": "tm-electronics-hub",
      "rating": 4.6,
      "verificationStatus": "verified"
    },
    "title": "Atomic Habits by James Clear - Hardcover",
    "slug": "atomic-habits-by-james-clear---hardcover",
    "description": "High-quality Atomic Habits by James Clear - Hardcover from Self-Help. Premium product with excellent features and performance.",
    "shortDescription": "Self-Help Atomic Habits by James Clear -",
    "category": {
      "$oid": "674a03d139f1f85510c3d7b5"
    },
    "categoryPath": [
      {
        "$oid": "674a03d139f1f85510c3d7b5"
      }
    ],
    "categoryNames": [
      "Books"
    ],
    "tags": [
      "self-help",
      "books"
    ],
    "brand": "Self-Help",
    "manufacturer": "Self-Help",
    "sku": "ATOMIC-HABITS-BY-JAM-75",
    "pricing": {
      "basePrice": 27.0,
      "currency": "USD",
      "taxable": true
    },
    "inventory": {
      "stockQuantity": 86,
      "reservedQuantity": 2,
      "availableQuantity": 85,
      "lowStockThreshold": 10,
      "trackInventory": true
    },
    "hasVariants": false,
    "images": [
      {
        "url": "https://images.unsplash.com/photo-1521471700795",
        "alt": "Atomic Habits by James Clear - Hardcover",
        "position": 1,
        "isMain": true
      }
    ],
    "primaryImage": "https://images.unsplash.com/photo-1601196091170",
    "physical": {
      "weight": 3.38,
      "weightUnit": "kg",
      "dimensions": {
        "length": 37.1,
        "width": 37.3,
        "height": 11.8,
        "unit": "cm"
      }
    },
    "shipping": {
      "requiresShipping": true,
      "isFreeShipping": false,
      "shippingClass": "standard"
    },
    "status": "active",
    "publishedAt": {
      "$date": "2025-08-20T11:47:03.354082"
    },
    "moderation": {
      "status": "approved"
    },
    "condition": "new",
    "warranty": {
      "hasWarranty": true,
      "duration": 12,
      "type": "manufacturer"
    },
    "analytics": {
      "views": 1590,
      "uniqueViews": 1113,
      "addedToCart": 66,
      "purchased": 44,
      "averageRating": 4.2,
      "totalReviews": 11,
      "rating5Star": 6,
      "rating4Star": 3,
      "rating3Star": 1,
      "totalSold": 44,
      "totalRevenue": 1188.0
    },
    "isFeatured": true,
    "isBestseller": true,
    "isOnSale": false,
    "productType": "physical",
    "visibility": "public",
    "schemaVersion": 1,
    "createdAt": {
      "$date": "2025-08-20T11:47:03.354082"
    },
    "updatedAt": {
      "$date": "2025-12-07T11:47:03.354082"
    }
  },
  {
    "_id": {
      "$oid": "874cacd1d3ba9be01cc0d7fe"
    },
    "sellerId": {
      "$oid": "674a03d139f1f85510c3d6bd"
    },
    "sellerInfo": {
      "name": "Tech Gadgets Central",
      "slug": "tech-gadgets-central",
      "rating": 4.5,
      "verificationStatus": "verified"
    },
    "title": "The Psychology of Money by Morgan Housel",
    "slug": "the-psychology-of-money-by-morgan-housel",
    "description": "High-quality The Psychology of Money by Morgan Housel from Finance. Premium product with excellent features and performance.",
    "shortDescription": "Finance The Psychology of Money by Mor",
    "category": {
      "$oid": "674a03d139f1f85510c3d7b5"
    },
    "categoryPath": [
      {
        "$oid": "674a03d139f1f85510c3d7b5"
      }
    ],
    "categoryNames": [
      "Books"
    ],
    "tags": [
      "finance",
      "books"
    ],
    "brand": "Finance",
    "manufacturer": "Finance",
    "sku": "THE-PSYCHOLOGY-OF-MO-76",
    "pricing": {
      "basePrice": 18.0,
      "currency": "USD",
      "taxable": true
    },
    "inventory": {
      "stockQuantity": 97,
      "reservedQuantity": 1,
      "availableQuantity": 96,
      "lowStockThreshold": 10,
      "trackInventory": true
    },
    "hasVariants": false,
    "images": [
      {
        "url": "https://images.unsplash.com/photo-1681157316673",
        "alt": "The Psychology of Money by Morgan Housel",
        "position": 1,
        "isMain": true
      }
    ],
    "primaryImage": "https://images.unsplash.com/photo-1557188517524",
    "physical": {
      "weight": 0.39,
      "weightUnit": "kg",
      "dimensions": {
        "length": 17.7,
        "width": 12.6,
        "height": 16.7,
        "unit": "cm"
      }
    },
    "shipping": {
      "requiresShipping": true,
      "isFreeShipping": false,
      "shippingClass": "standard"
    },
    "status": "active",
    "publishedAt": {
      "$date": "2025-09-24T11:47:03.354082"
    },
    "moderation": {
      "status": "approved"
    },
    "condition": "new",
    "warranty": {
      "hasWarranty": true,
      "duration": 12,
      "type": "manufacturer"
    },
    "analytics": {
      "views": 1445,
      "uniqueViews": 1011,
      "addedToCart": 51,
      "purchased": 34,
      "averageRating": 4.1,
      "totalReviews": 10,
      "rating5Star": 6,
      "rating4Star": 3,
      "rating3Star": 1,
      "totalSold": 34,
      "totalRevenue": 612.0
    },
    "isFeatured": true,
    "isBestseller": true,
    "isOnSale": false,
    "productType": "physical",
    "visibility": "public",
    "schemaVersion": 1,
    "createdAt": {
      "$date": "2025-09-24T11:47:03.354082"
    },
    "updatedAt": {
      "$date": "2025-12-07T11:47:03.354082"
    }
  },
  {
    "_id": {
      "$oid": "6ef8e8def862a801265cf023"
    },
    "sellerId": {
      "$oid": "674a03d139f1f85510c3d6ba"
    },
    "sellerInfo": {
      "name": "TM Electronics Hub",
      "slug": "tm-electronics-hub",
      "rating": 4.6,
      "verificationStatus": "verified"
    },
    "title": "Educated: A Memoir by Tara Westover",
    "slug": "educated:-a-memoir-by-tara-westover",
    "description": "High-quality Educated: A Memoir by Tara Westover from Biography. Premium product with excellent features and performance.",
    "shortDescription": "Biography Educated: A Memoir by Tara Wes",
    "category": {
      "$oid": "674a03d139f1f85510c3d7b5"
    },
    "categoryPath": [
      {
        "$oid": "674a03d139f1f85510c3d7b5"
      }
    ],
    "categoryNames": [
      "Books"
    ],
    "tags": [
      "biography",
      "books"
    ],
    "brand": "Biography",
    "manufacturer": "Biography",
    "sku": "EDUCATED:-A-MEMOIR-B-77",
    "pricing": {
      "basePrice": 16.0,
      "currency": "USD",
      "taxable": true
    },
    "inventory": {
      "stockQuantity": 58,
      "reservedQuantity": 0,
      "availableQuantity": 57,
      "lowStockThreshold": 10,
      "trackInventory": true
    },
    "hasVariants": false,
    "images": [
      {
        "url": "https://images.unsplash.com/photo-1641852778467",
        "alt": "Educated: A Memoir by Tara Westover",
        "position": 1,
        "isMain": true
      }
    ],
    "primaryImage": "https://images.unsplash.com/photo-1562624841349",
    "physical": {
      "weight": 2.26,
      "weightUnit": "kg",
      "dimensions": {
        "length": 16.5,
        "width": 24.8,
        "height": 4.3,
        "unit": "cm"
      }
    },
    "shipping": {
      "requiresShipping": true,
      "isFreeShipping": false,
      "shippingClass": "standard"
    },
    "status": "active",
    "publishedAt": {
      "$date": "2025-05-31T11:47:03.354082"
    },
    "moderation": {
      "status": "approved"
    },
    "condition": "new",
    "warranty": {
      "hasWarranty": true,
      "duration": 12,
      "type": "manufacturer"
    },
    "analytics": {
      "views": 107,
      "uniqueViews": 74,
      "addedToCart": 55,
      "purchased": 37,
      "averageRating": 4.1,
      "totalReviews": 21,
      "rating5Star": 12,
      "rating4Star": 6,
      "rating3Star": 2,
      "totalSold": 37,
      "totalRevenue": 592.0
    },
    "isFeatured": true,
    "isBestseller": true,
    "isOnSale": false,
    "productType": "physical",
    "visibility": "public",
    "schemaVersion": 1,
    "createdAt": {
      "$date": "2025-05-31T11:47:03.354082"
    },
    "updatedAt": {
      "$date": "2025-12-07T11:47:03.354082"
    }
  },
  {
    "_id": {
      "$oid": "17343bec74120a5777738ee2"
    },
    "sellerId": {
      "$oid": "674a03d139f1f85510c3d6bd"
    },
    "sellerInfo": {
      "name": "Tech Gadgets Central",
      "slug": "tech-gadgets-central",
      "rating": 4.5,
      "verificationStatus": "verified"
    },
    "title": "Sapiens by Yuval Noah Harari",
    "slug": "sapiens-by-yuval-noah-harari",
    "description": "High-quality Sapiens by Yuval Noah Harari from History. Premium product with excellent features and performance.",
    "shortDescription": "History Sapiens by Yuval Noah Harari",
    "category": {
      "$oid": "674a03d139f1f85510c3d7b5"
    },
    "categoryPath": [
      {
        "$oid": "674a03d139f1f85510c3d7b5"
      }
    ],
    "categoryNames": [
      "Books"
    ],
    "tags": [
      "history",
      "books"
    ],
    "brand": "History",
    "manufacturer": "History",
    "sku": "SAPIENS-BY-YUVAL-NOA-78",
    "pricing": {
      "basePrice": 22.0,
      "salePrice": 18.7,
      "currency": "USD",
      "taxable": true
    },
    "inventory": {
      "stockQuantity": 58,
      "reservedQuantity": 3,
      "availableQuantity": 56,
      "lowStockThreshold": 10,
      "trackInventory": true
    },
    "hasVariants": false,
    "images": [
      {
        "url": "https://images.unsplash.com/photo-1502494864504",
        "alt": "Sapiens by Yuval Noah Harari",
        "position": 1,
        "isMain": true
      }
    ],
    "primaryImage": "https://images.unsplash.com/photo-1660942108030",
    "physical": {
      "weight": 0.71,
      "weightUnit": "kg",
      "dimensions": {
        "length": 29.7,
        "width": 37.0,
        "height": 11.8,
        "unit": "cm"
      }
    },
    "shipping": {
      "requiresShipping": true,
      "isFreeShipping": false,
      "shippingClass": "standard"
    },
    "status": "active",
    "publishedAt": {
      "$date": "2025-10-24T11:47:03.354082"
    },
    "moderation": {
      "status": "approved"
    },
    "condition": "new",
    "warranty": {
      "hasWarranty": true,
      "duration": 12,
      "type": "manufacturer"
    },
    "analytics": {
      "views": 635,
      "uniqueViews": 444,
      "addedToCart": 10,
      "purchased": 7,
      "averageRating": 4.9,
      "totalReviews": 11,
      "rating5Star": 6,
      "rating4Star": 3,
      "rating3Star": 1,
      "totalSold": 7,
      "totalRevenue": 130.9
    },
    "isFeatured": true,
    "isBestseller": false,
    "isOnSale": true,
    "productType": "physical",
    "visibility": "public",
    "schemaVersion": 1,
    "createdAt": {
      "$date": "2025-10-24T11:47:03.354082"
    },
    "updatedAt": {
      "$date": "2025-12-07T11:47:03.354082"
    },
    "discount": {
      "isActive": true,
      "type": "percentage",
      "value": 15,
      "startDate": {
        "$date": "2025-11-01T00:00:00.000Z"
      },
      "endDate": {
        "$date": "2025-12-31T23:59:59.000Z"
      }
    }
  },
  {
    "_id": {
      "$oid": "bb60ae59dd3422677d2f362f"
    },
    "sellerId": {
      "$oid": "674a03d139f1f85510c3d6ba"
    },
    "sellerInfo": {
      "name": "TM Electronics Hub",
      "slug": "tm-electronics-hub",
      "rating": 4.6,
      "verificationStatus": "verified"
    },
    "title": "The Midnight Library by Matt Haig",
    "slug": "the-midnight-library-by-matt-haig",
    "description": "High-quality The Midnight Library by Matt Haig from Fiction. Premium product with excellent features and performance.",
    "shortDescription": "Fiction The Midnight Library by Matt H",
    "category": {
      "$oid": "674a03d139f1f85510c3d7b5"
    },
    "categoryPath": [
      {
        "$oid": "674a03d139f1f85510c3d7b5"
      }
    ],
    "categoryNames": [
      "Books"
    ],
    "tags": [
      "fiction",
      "books"
    ],
    "brand": "Fiction",
    "manufacturer": "Fiction",
    "sku": "THE-MIDNIGHT-LIBRARY-79",
    "pricing": {
      "basePrice": 15.0,
      "salePrice": 12.75,
      "currency": "USD",
      "taxable": true
    },
    "inventory": {
      "stockQuantity": 52,
      "reservedQuantity": 2,
      "availableQuantity": 50,
      "lowStockThreshold": 10,
      "trackInventory": true
    },
    "hasVariants": false,
    "images": [
      {
        "url": "https://images.unsplash.com/photo-1594640027560",
        "alt": "The Midnight Library by Matt Haig",
        "position": 1,
        "isMain": true
      }
    ],
    "primaryImage": "https://images.unsplash.com/photo-1600073802715",
    "physical": {
      "weight": 3.1,
      "weightUnit": "kg",
      "dimensions": {
        "length": 45.6,
        "width": 31.1,
        "height": 6.2,
        "unit": "cm"
      }
    },
    "shipping": {
      "requiresShipping": true,
      "isFreeShipping": false,
      "shippingClass": "standard"
    },
    "status": "active",
    "publishedAt": {
      "$date": "2025-09-26T11:47:03.354082"
    },
    "moderation": {
      "status": "approved"
    },
    "condition": "new",
    "warranty": {
      "hasWarranty": true,
      "duration": 12,
      "type": "manufacturer"
    },
    "analytics": {
      "views": 422,
      "uniqueViews": 295,
      "addedToCart": 54,
      "purchased": 36,
      "averageRating": 4.2,
      "totalReviews": 13,
      "rating5Star": 7,
      "rating4Star": 3,
      "rating3Star": 1,
      "totalSold": 36,
      "totalRevenue": 459.0
    },
    "isFeatured": false,
    "isBestseller": true,
    "isOnSale": true,
    "productType": "physical",
    "visibility": "public",
    "schemaVersion": 1,
    "createdAt": {
      "$date": "2025-09-26T11:47:03.354082"
    },
    "updatedAt": {
      "$date": "2025-12-07T11:47:03.354082"
    },
    "discount": {
      "isActive": true,
      "type": "percentage",
      "value": 15,
      "startDate": {
        "$date": "2025-11-01T00:00:00.000Z"
      },
      "endDate": {
        "$date": "2025-12-31T23:59:59.000Z"
      }
    }
  },
  {
    "_id": {
      "$oid": "c774ca11a63ede6487c45872"
    },
    "sellerId": {
      "$oid": "674a03d139f1f85510c3d6bd"
    },
    "sellerInfo": {
      "name": "Tech Gadgets Central",
      "slug": "tech-gadgets-central",
      "rating": 4.5,
      "verificationStatus": "verified"
    },
    "title": "Project Hail Mary by Andy Weir",
    "slug": "project-hail-mary-by-andy-weir",
    "description": "High-quality Project Hail Mary by Andy Weir from Sci-Fi. Premium product with excellent features and performance.",
    "shortDescription": "Sci-Fi Project Hail Mary by Andy Weir",
    "category": {
      "$oid": "674a03d139f1f85510c3d7b5"
    },
    "categoryPath": [
      {
        "$oid": "674a03d139f1f85510c3d7b5"
      }
    ],
    "categoryNames": [
      "Books"
    ],
    "tags": [
      "sci-fi",
      "books"
    ],
    "brand": "Sci-Fi",
    "manufacturer": "Sci-Fi",
    "sku": "PROJECT-HAIL-MARY-BY-80",
    "pricing": {
      "basePrice": 17.0,
      "currency": "USD",
      "taxable": true
    },
    "inventory": {
      "stockQuantity": 66,
      "reservedQuantity": 2,
      "availableQuantity": 65,
      "lowStockThreshold": 10,
      "trackInventory": true
    },
    "hasVariants": false,
    "images": [
      {
        "url": "https://images.unsplash.com/photo-1556024033192",
        "alt": "Project Hail Mary by Andy Weir",
        "position": 1,
        "isMain": true
      }
    ],
    "primaryImage": "https://images.unsplash.com/photo-1517092949302",
    "physical": {
      "weight": 3.12,
      "weightUnit": "kg",
      "dimensions": {
        "length": 31.4,
        "width": 31.8,
        "height": 17.3,
        "unit": "cm"
      }
    },
    "shipping": {
      "requiresShipping": true,
      "isFreeShipping": false,
      "shippingClass": "standard"
    },
    "status": "active",
    "publishedAt": {
      "$date": "2025-03-13T11:47:03.354082"
    },
    "moderation": {
      "status": "approved"
    },
    "condition": "new",
    "warranty": {
      "hasWarranty": true,
      "duration": 12,
      "type": "manufacturer"
    },
    "analytics": {
      "views": 1097,
      "uniqueViews": 767,
      "addedToCart": 70,
      "purchased": 47,
      "averageRating": 4.7,
      "totalReviews": 19,
      "rating5Star": 11,
      "rating4Star": 5,
      "rating3Star": 1,
      "totalSold": 47,
      "totalRevenue": 799.0
    },
    "isFeatured": false,
    "isBestseller": true,
    "isOnSale": false,
    "productType": "physical",
    "visibility": "public",
    "schemaVersion": 1,
    "createdAt": {
      "$date": "2025-03-13T11:47:03.354082"
    },
    "updatedAt": {
      "$date": "2025-12-07T11:47:03.354082"
    }
  },
  {
    "_id": {
      "$oid": "6c640fb8983d3fc6cff2fcff"
    },
    "sellerId": {
      "$oid": "674a03d139f1f85510c3d6ba"
    },
    "sellerInfo": {
      "name": "TM Electronics Hub",
      "slug": "tm-electronics-hub",
      "rating": 4.6,
      "verificationStatus": "verified"
    },
    "title": "Thinking, Fast and Slow by Daniel Kahneman",
    "slug": "thinking-fast-and-slow-by-daniel-kahneman",
    "description": "High-quality Thinking, Fast and Slow by Daniel Kahneman from Psychology. Premium product with excellent features and performance.",
    "shortDescription": "Psychology Thinking, Fast and Slow by Dan",
    "category": {
      "$oid": "674a03d139f1f85510c3d7b5"
    },
    "categoryPath": [
      {
        "$oid": "674a03d139f1f85510c3d7b5"
      }
    ],
    "categoryNames": [
      "Books"
    ],
    "tags": [
      "psychology",
      "books"
    ],
    "brand": "Psychology",
    "manufacturer": "Psychology",
    "sku": "THINKING,-FAST-AND-S-81",
    "pricing": {
      "basePrice": 19.0,
      "salePrice": 16.15,
      "currency": "USD",
      "taxable": true
    },
    "inventory": {
      "stockQuantity": 42,
      "reservedQuantity": 2,
      "availableQuantity": 40,
      "lowStockThreshold": 10,
      "trackInventory": true
    },
    "hasVariants": false,
    "images": [
      {
        "url": "https://images.unsplash.com/photo-1532716845456",
        "alt": "Thinking, Fast and Slow by Daniel Kahneman",
        "position": 1,
        "isMain": true
      }
    ],
    "primaryImage": "https://images.unsplash.com/photo-1687930047610",
    "physical": {
      "weight": 0.72,
      "weightUnit": "kg",
      "dimensions": {
        "length": 35.2,
        "width": 29.0,
        "height": 14.5,
        "unit": "cm"
      }
    },
    "shipping": {
      "requiresShipping": true,
      "isFreeShipping": false,
      "shippingClass": "standard"
    },
    "status": "active",
    "publishedAt": {
      "$date": "2025-01-07T11:47:03.354082"
    },
    "moderation": {
      "status": "approved"
    },
    "condition": "new",
    "warranty": {
      "hasWarranty": true,
      "duration": 12,
      "type": "manufacturer"
    },
    "analytics": {
      "views": 1670,
      "uniqueViews": 1169,
      "addedToCart": 12,
      "purchased": 8,
      "averageRating": 4.4,
      "totalReviews": 6,
      "rating5Star": 3,
      "rating4Star": 1,
      "rating3Star": 0,
      "totalSold": 8,
      "totalRevenue": 129.2
    },
    "isFeatured": false,
    "isBestseller": false,
    "isOnSale": true,
    "productType": "physical",
    "visibility": "public",
    "schemaVersion": 1,
    "createdAt": {
      "$date": "2025-01-07T11:47:03.354082"
    },
    "updatedAt": {
      "$date": "2025-12-07T11:47:03.354082"
    },
    "discount": {
      "isActive": true,
      "type": "percentage",
      "value": 15,
      "startDate": {
        "$date": "2025-11-01T00:00:00.000Z"
      },
      "endDate": {
        "$date": "2025-12-31T23:59:59.000Z"
      }
    }
  },
  {
    "_id": {
      "$oid": "d37323da9eef38457007b2e5"
    },
    "sellerId": {
      "$oid": "674a03d139f1f85510c3d6bd"
    },
    "sellerInfo": {
      "name": "Tech Gadgets Central",
      "slug": "tech-gadgets-central",
      "rating": 4.5,
      "verificationStatus": "verified"
    },
    "title": "The Lean Startup by Eric Ries",
    "slug": "the-lean-startup-by-eric-ries",
    "description": "High-quality The Lean Startup by Eric Ries from Business. Premium product with excellent features and performance.",
    "shortDescription": "Business The Lean Startup by Eric Ries",
    "category": {
      "$oid": "674a03d139f1f85510c3d7b5"
    },
    "categoryPath": [
      {
        "$oid": "674a03d139f1f85510c3d7b5"
      }
    ],
    "categoryNames": [
      "Books"
    ],
    "tags": [
      "business",
      "books"
    ],
    "brand": "Business",
    "manufacturer": "Business",
    "sku": "THE-LEAN-STARTUP-BY--82",
    "pricing": {
      "basePrice": 16.0,
      "currency": "USD",
      "taxable": true
    },
    "inventory": {
      "stockQuantity": 37,
      "reservedQuantity": 1,
      "availableQuantity": 34,
      "lowStockThreshold": 10,
      "trackInventory": true
    },
    "hasVariants": false,
    "images": [
      {
        "url": "https://images.unsplash.com/photo-1507596725288",
        "alt": "The Lean Startup by Eric Ries",
        "position": 1,
        "isMain": true
      }
    ],
    "primaryImage": "https://images.unsplash.com/photo-1658080363299",
    "physical": {
      "weight": 0.84,
      "weightUnit": "kg",
      "dimensions": {
        "length": 10.6,
        "width": 24.9,
        "height": 7.0,
        "unit": "cm"
      }
    },
    "shipping": {
      "requiresShipping": true,
      "isFreeShipping": false,
      "shippingClass": "standard"
    },
    "status": "active",
    "publishedAt": {
      "$date": "2025-08-11T11:47:03.354082"
    },
    "moderation": {
      "status": "approved"
    },
    "condition": "new",
    "warranty": {
      "hasWarranty": true,
      "duration": 12,
      "type": "manufacturer"
    },
    "analytics": {
      "views": 1820,
      "uniqueViews": 1274,
      "addedToCart": 13,
      "purchased": 9,
      "averageRating": 4.6,
      "totalReviews": 26,
      "rating5Star": 15,
      "rating4Star": 7,
      "rating3Star": 2,
      "totalSold": 9,
      "totalRevenue": 144.0
    },
    "isFeatured": true,
    "isBestseller": false,
    "isOnSale": false,
    "productType": "physical",
    "visibility": "public",
    "schemaVersion": 1,
    "createdAt": {
      "$date": "2025-08-11T11:47:03.354082"
    },
    "updatedAt": {
      "$date": "2025-12-07T11:47:03.354082"
    }
  }
]